%YAML 1.1
%TAG !u! tag:unity3d.com,2011:
--- !u!1 &103777456692656704
GameObject:
  m_ObjectHideFlags: 0
  m_CorrespondingSourceObject: {fileID: 0}
  m_PrefabInstance: {fileID: 0}
  m_PrefabAsset: {fileID: 0}
  serializedVersion: 6
  m_Component:
  - component: {fileID: 5072347577590299955}
  m_Layer: 0
  m_Name: RightHandMiddle4
  m_TagString: Untagged
  m_Icon: {fileID: 0}
  m_NavMeshLayer: 0
  m_StaticEditorFlags: 0
  m_IsActive: 1
--- !u!4 &5072347577590299955
Transform:
  m_ObjectHideFlags: 0
  m_CorrespondingSourceObject: {fileID: 0}
  m_PrefabInstance: {fileID: 0}
  m_PrefabAsset: {fileID: 0}
  m_GameObject: {fileID: 103777456692656704}
  m_LocalRotation: {x: 0, y: -0, z: -0, w: 1}
  m_LocalPosition: {x: 0.04945297, y: 0, z: 0.000000057220458}
  m_LocalScale: {x: 1, y: 1, z: 1}
  m_Children: []
  m_Father: {fileID: 3396319701680891291}
  m_RootOrder: 0
  m_LocalEulerAnglesHint: {x: 0, y: 0, z: 0}
--- !u!1 &127634085083417308
GameObject:
  m_ObjectHideFlags: 0
  m_CorrespondingSourceObject: {fileID: 0}
  m_PrefabInstance: {fileID: 0}
  m_PrefabAsset: {fileID: 0}
  serializedVersion: 6
  m_Component:
  - component: {fileID: 73992646387769359}
  m_Layer: 0
  m_Name: RightHandPinky2
  m_TagString: Untagged
  m_Icon: {fileID: 0}
  m_NavMeshLayer: 0
  m_StaticEditorFlags: 0
  m_IsActive: 1
--- !u!4 &73992646387769359
Transform:
  m_ObjectHideFlags: 0
  m_CorrespondingSourceObject: {fileID: 0}
  m_PrefabInstance: {fileID: 0}
  m_PrefabAsset: {fileID: 0}
  m_GameObject: {fileID: 127634085083417308}
  m_LocalRotation: {x: -0.000000014901153, y: 0.000000029786579, z: -0.000000014932597,
    w: 1}
  m_LocalPosition: {x: 0.038617097, y: -0.00000015258789, z: 0.000000019073486}
  m_LocalScale: {x: 1, y: 1, z: 1}
  m_Children:
  - {fileID: 8780980138413670944}
  m_Father: {fileID: 3151430695155940784}
  m_RootOrder: 0
  m_LocalEulerAnglesHint: {x: -0.5439884, y: -1.5848461, z: -45.58434}
--- !u!1 &345881589905605414
GameObject:
  m_ObjectHideFlags: 0
  m_CorrespondingSourceObject: {fileID: 0}
  m_PrefabInstance: {fileID: 0}
  m_PrefabAsset: {fileID: 0}
  serializedVersion: 6
  m_Component:
  - component: {fileID: 6117746887323455175}
  m_Layer: 0
  m_Name: RightToe_End
  m_TagString: Untagged
  m_Icon: {fileID: 0}
  m_NavMeshLayer: 0
  m_StaticEditorFlags: 0
  m_IsActive: 1
--- !u!4 &6117746887323455175
Transform:
  m_ObjectHideFlags: 0
  m_CorrespondingSourceObject: {fileID: 0}
  m_PrefabInstance: {fileID: 0}
  m_PrefabAsset: {fileID: 0}
  m_GameObject: {fileID: 345881589905605414}
  m_LocalRotation: {x: 0, y: -0, z: -0, w: 1}
  m_LocalPosition: {x: 0.008849506, y: 0.000000004385074, z: 0.15255935}
  m_LocalScale: {x: 1, y: 1, z: 1}
  m_Children: []
  m_Father: {fileID: 2214845318182385993}
  m_RootOrder: 0
  m_LocalEulerAnglesHint: {x: 0, y: 0, z: 0}
--- !u!1 &348238064464871613
GameObject:
  m_ObjectHideFlags: 0
  m_CorrespondingSourceObject: {fileID: 0}
  m_PrefabInstance: {fileID: 0}
  m_PrefabAsset: {fileID: 0}
  serializedVersion: 6
  m_Component:
  - component: {fileID: 6591187960951157583}
  - component: {fileID: 6642213828218509577}
  m_Layer: 0
  m_Name: MaleBruteA_Shoes
  m_TagString: Untagged
  m_Icon: {fileID: 0}
  m_NavMeshLayer: 0
  m_StaticEditorFlags: 0
  m_IsActive: 1
--- !u!4 &6591187960951157583
Transform:
  m_ObjectHideFlags: 0
  m_CorrespondingSourceObject: {fileID: 0}
  m_PrefabInstance: {fileID: 0}
  m_PrefabAsset: {fileID: 0}
  m_GameObject: {fileID: 348238064464871613}
  m_LocalRotation: {x: -0.7071068, y: 0, z: -0, w: 0.7071068}
  m_LocalPosition: {x: 0.0013519287, y: 0, z: 0}
  m_LocalScale: {x: 1, y: 1, z: 1}
  m_Children: []
  m_Father: {fileID: 7758704365118023481}
  m_RootOrder: 4
  m_LocalEulerAnglesHint: {x: 0, y: 0, z: 0}
--- !u!137 &6642213828218509577
SkinnedMeshRenderer:
  m_ObjectHideFlags: 0
  m_CorrespondingSourceObject: {fileID: 0}
  m_PrefabInstance: {fileID: 0}
  m_PrefabAsset: {fileID: 0}
  m_GameObject: {fileID: 348238064464871613}
  m_Enabled: 1
  m_CastShadows: 1
  m_ReceiveShadows: 1
  m_DynamicOccludee: 1
  m_MotionVectors: 1
  m_LightProbeUsage: 1
  m_ReflectionProbeUsage: 1
  m_RayTracingMode: 0
  m_RenderingLayerMask: 1
  m_RendererPriority: 0
  m_Materials:
  - {fileID: 2100000, guid: 13800a783afc2f749b81a53f85219ff9, type: 2}
  m_StaticBatchInfo:
    firstSubMesh: 0
    subMeshCount: 0
  m_StaticBatchRoot: {fileID: 0}
  m_ProbeAnchor: {fileID: 0}
  m_LightProbeVolumeOverride: {fileID: 0}
  m_ScaleInLightmap: 1
  m_ReceiveGI: 1
  m_PreserveUVs: 0
  m_IgnoreNormalsForChartDetection: 0
  m_ImportantGI: 0
  m_StitchLightmapSeams: 1
  m_SelectedEditorRenderState: 3
  m_MinimumChartSize: 4
  m_AutoUVMaxDistance: 0.5
  m_AutoUVMaxAngle: 89
  m_LightmapParameters: {fileID: 0}
  m_SortingLayerID: 0
  m_SortingLayer: 0
  m_SortingOrder: 0
  serializedVersion: 2
  m_Quality: 0
  m_UpdateWhenOffscreen: 0
  m_SkinnedMotionVectors: 1
  m_Mesh: {fileID: -3507378393228191467, guid: f75c0fcf156c0ab4da71dd9c02ab2051, type: 3}
  m_Bones:
  - {fileID: 6209793810617166115}
  - {fileID: 4769203758596412379}
  - {fileID: 2214845318182385993}
  - {fileID: 6117746887323455175}
  - {fileID: 1552437931700123543}
  - {fileID: 7837973310040092455}
  - {fileID: 6978369377311484861}
  - {fileID: 2474570312366355929}
  - {fileID: 7955156968861513705}
  - {fileID: 6854831132839661447}
  m_BlendShapeWeights: []
  m_RootBone: {fileID: 6854831132839661447}
  m_AABB:
    m_Center: {x: 0.117179945, y: -0.875749, z: 0.094507866}
    m_Extent: {x: 0.2366669, y: 0.2708601, z: 0.20555216}
  m_DirtyAABB: 0
--- !u!1 &386052621397091985
GameObject:
  m_ObjectHideFlags: 0
  m_CorrespondingSourceObject: {fileID: 0}
  m_PrefabInstance: {fileID: 0}
  m_PrefabAsset: {fileID: 0}
  serializedVersion: 6
  m_Component:
  - component: {fileID: 9209083780349897486}
  m_Layer: 0
  m_Name: RightHandIndex3
  m_TagString: Untagged
  m_Icon: {fileID: 0}
  m_NavMeshLayer: 0
  m_StaticEditorFlags: 0
  m_IsActive: 1
--- !u!4 &9209083780349897486
Transform:
  m_ObjectHideFlags: 0
  m_CorrespondingSourceObject: {fileID: 0}
  m_PrefabInstance: {fileID: 0}
  m_PrefabAsset: {fileID: 0}
  m_GameObject: {fileID: 386052621397091985}
  m_LocalRotation: {x: 0.000000029802306, y: 0.000000014932596, z: 0.000000029786584,
    w: 1}
  m_LocalPosition: {x: 0.053911436, y: 0, z: -0.00000007152557}
  m_LocalScale: {x: 1, y: 1, z: 1}
  m_Children:
  - {fileID: 4851040163882700649}
  m_Father: {fileID: 5359980878430867808}
  m_RootOrder: 0
  m_LocalEulerAnglesHint: {x: 0.46666726, y: -3.0795972, z: -62.220055}
--- !u!1 &423739439208511892
GameObject:
  m_ObjectHideFlags: 0
  m_CorrespondingSourceObject: {fileID: 0}
  m_PrefabInstance: {fileID: 0}
  m_PrefabAsset: {fileID: 0}
  serializedVersion: 6
  m_Component:
  - component: {fileID: 1422332269305442101}
  m_Layer: 0
  m_Name: LeftHandIndex4
  m_TagString: Untagged
  m_Icon: {fileID: 0}
  m_NavMeshLayer: 0
  m_StaticEditorFlags: 0
  m_IsActive: 1
--- !u!4 &1422332269305442101
Transform:
  m_ObjectHideFlags: 0
  m_CorrespondingSourceObject: {fileID: 0}
  m_PrefabInstance: {fileID: 0}
  m_PrefabAsset: {fileID: 0}
  m_GameObject: {fileID: 423739439208511892}
  m_LocalRotation: {x: 0, y: -0, z: -0, w: 1}
  m_LocalPosition: {x: -0.04498749, y: -0.00000015258789, z: -0.000000076293944}
  m_LocalScale: {x: 1, y: 1, z: 1}
  m_Children: []
  m_Father: {fileID: 5049836396363618140}
  m_RootOrder: 0
  m_LocalEulerAnglesHint: {x: 0, y: 0, z: 0}
--- !u!1 &990399481786960831
GameObject:
  m_ObjectHideFlags: 0
  m_CorrespondingSourceObject: {fileID: 0}
  m_PrefabInstance: {fileID: 0}
  m_PrefabAsset: {fileID: 0}
  serializedVersion: 6
  m_Component:
  - component: {fileID: 4533964508610683414}
  - component: {fileID: 3380133796000316118}
  - component: {fileID: 4209651139310001505}
  - component: {fileID: 4163943339026146050}
  - component: {fileID: 7908464431112775146}
  m_Layer: 15
  m_Name: AudioFootsteps
  m_TagString: Untagged
  m_Icon: {fileID: 0}
  m_NavMeshLayer: 0
  m_StaticEditorFlags: 0
  m_IsActive: 1
--- !u!4 &4533964508610683414
Transform:
  m_ObjectHideFlags: 0
  m_CorrespondingSourceObject: {fileID: 0}
  m_PrefabInstance: {fileID: 0}
  m_PrefabAsset: {fileID: 0}
  m_GameObject: {fileID: 990399481786960831}
  m_LocalRotation: {x: -0, y: -0, z: -0, w: 1}
  m_LocalPosition: {x: 0, y: -1, z: 0}
  m_LocalScale: {x: 1, y: 1, z: 1}
  m_Children: []
  m_Father: {fileID: 2744042625963631327}
  m_RootOrder: 2
  m_LocalEulerAnglesHint: {x: 0, y: 0, z: 0}
--- !u!135 &3380133796000316118
SphereCollider:
  m_ObjectHideFlags: 0
  m_CorrespondingSourceObject: {fileID: 0}
  m_PrefabInstance: {fileID: 0}
  m_PrefabAsset: {fileID: 0}
  m_GameObject: {fileID: 990399481786960831}
  m_Material: {fileID: 0}
  m_IsTrigger: 1
  m_Enabled: 1
  serializedVersion: 2
  m_Radius: 0.25
  m_Center: {x: 0, y: 0, z: 0}
--- !u!114 &4209651139310001505
MonoBehaviour:
  m_ObjectHideFlags: 0
  m_CorrespondingSourceObject: {fileID: 0}
  m_PrefabInstance: {fileID: 0}
  m_PrefabAsset: {fileID: 0}
  m_GameObject: {fileID: 990399481786960831}
  m_Enabled: 1
  m_EditorHideFlags: 0
  m_Script: {fileID: 11500000, guid: 200fd25f8d47d6047a36257d04df7fb0, type: 3}
  m_Name: 
  m_EditorClassIdentifier: 
--- !u!54 &4163943339026146050
Rigidbody:
  m_ObjectHideFlags: 0
  m_CorrespondingSourceObject: {fileID: 0}
  m_PrefabInstance: {fileID: 0}
  m_PrefabAsset: {fileID: 0}
  m_GameObject: {fileID: 990399481786960831}
  serializedVersion: 2
  m_Mass: 0.0000001
  m_Drag: 0
  m_AngularDrag: 0
  m_UseGravity: 0
  m_IsKinematic: 1
  m_Interpolate: 0
  m_Constraints: 126
  m_CollisionDetection: 0
--- !u!114 &7908464431112775146
MonoBehaviour:
  m_ObjectHideFlags: 0
  m_CorrespondingSourceObject: {fileID: 0}
  m_PrefabInstance: {fileID: 0}
  m_PrefabAsset: {fileID: 0}
  m_GameObject: {fileID: 990399481786960831}
  m_Enabled: 1
  m_EditorHideFlags: 0
  m_Script: {fileID: 11500000, guid: be37b9b1bf88130428fe602704c4e492, type: 3}
  m_Name: 
  m_EditorClassIdentifier: 
  foostepsVariations_onStone: []
  foostepsVariations_onDirt: []
  foostepsVariations_onGrass:
  - {fileID: 0}
  defaultGround: 0
  fadeSpeed: 0
  maxVolume: 1
--- !u!1 &1057796677981250434
GameObject:
  m_ObjectHideFlags: 0
  m_CorrespondingSourceObject: {fileID: 0}
  m_PrefabInstance: {fileID: 0}
  m_PrefabAsset: {fileID: 0}
  serializedVersion: 6
  m_Component:
  - component: {fileID: 5164603658571642259}
  m_Layer: 0
  m_Name: Spine1
  m_TagString: Untagged
  m_Icon: {fileID: 0}
  m_NavMeshLayer: 0
  m_StaticEditorFlags: 0
  m_IsActive: 1
--- !u!4 &5164603658571642259
Transform:
  m_ObjectHideFlags: 0
  m_CorrespondingSourceObject: {fileID: 0}
  m_PrefabInstance: {fileID: 0}
  m_PrefabAsset: {fileID: 0}
  m_GameObject: {fileID: 1057796677981250434}
  m_LocalRotation: {x: 3.8774097e-26, y: -4.263257e-14, z: 6.82121e-13, w: 1}
  m_LocalPosition: {x: -5.429683e-12, y: 0.13854934, z: -0.019393848}
  m_LocalScale: {x: 1, y: 1, z: 1}
  m_Children:
  - {fileID: 8820202303830116713}
  m_Father: {fileID: 1593313610721903491}
  m_RootOrder: 0
  m_LocalEulerAnglesHint: {x: 6.6826406, y: -5.4802265, z: -1.0632968}
--- !u!1 &1087446574405191664
GameObject:
  m_ObjectHideFlags: 0
  m_CorrespondingSourceObject: {fileID: 0}
  m_PrefabInstance: {fileID: 0}
  m_PrefabAsset: {fileID: 0}
  serializedVersion: 6
  m_Component:
  - component: {fileID: 6572861348341905115}
  - component: {fileID: 1772627916226071824}
  - component: {fileID: 5816491120678429412}
  - component: {fileID: 5442698387241923659}
  m_Layer: 19
  m_Name: HitBox
  m_TagString: Untagged
  m_Icon: {fileID: 0}
  m_NavMeshLayer: 0
  m_StaticEditorFlags: 0
  m_IsActive: 1
--- !u!4 &6572861348341905115
Transform:
  m_ObjectHideFlags: 0
  m_CorrespondingSourceObject: {fileID: 0}
  m_PrefabInstance: {fileID: 0}
  m_PrefabAsset: {fileID: 0}
  m_GameObject: {fileID: 1087446574405191664}
  m_LocalRotation: {x: 0, y: 0, z: 0, w: 1}
  m_LocalPosition: {x: 0.406, y: -0.032, z: 0.766}
  m_LocalScale: {x: 1, y: 1, z: 1}
  m_Children: []
  m_Father: {fileID: 759461456338448063}
  m_RootOrder: 0
  m_LocalEulerAnglesHint: {x: 0, y: 0, z: 0}
--- !u!135 &1772627916226071824
SphereCollider:
  m_ObjectHideFlags: 0
  m_CorrespondingSourceObject: {fileID: 0}
  m_PrefabInstance: {fileID: 0}
  m_PrefabAsset: {fileID: 0}
  m_GameObject: {fileID: 1087446574405191664}
  m_Material: {fileID: 0}
  m_IsTrigger: 1
  m_Enabled: 1
  serializedVersion: 2
  m_Radius: 0.2
  m_Center: {x: 0, y: 0, z: 0}
--- !u!114 &5816491120678429412
MonoBehaviour:
  m_ObjectHideFlags: 0
  m_CorrespondingSourceObject: {fileID: 0}
  m_PrefabInstance: {fileID: 0}
  m_PrefabAsset: {fileID: 0}
  m_GameObject: {fileID: 1087446574405191664}
  m_Enabled: 1
  m_EditorHideFlags: 0
  m_Script: {fileID: 11500000, guid: 34363526643388349b70155f9a88740d, type: 3}
  m_Name: 
  m_EditorClassIdentifier: 
  blood: []
  bloodAttached: {fileID: 0}
--- !u!54 &5442698387241923659
Rigidbody:
  m_ObjectHideFlags: 0
  m_CorrespondingSourceObject: {fileID: 0}
  m_PrefabInstance: {fileID: 0}
  m_PrefabAsset: {fileID: 0}
  m_GameObject: {fileID: 1087446574405191664}
  serializedVersion: 2
  m_Mass: 1
  m_Drag: 0
  m_AngularDrag: 0.05
  m_UseGravity: 0
  m_IsKinematic: 1
  m_Interpolate: 0
  m_Constraints: 126
  m_CollisionDetection: 0
--- !u!1 &1591363565827778563
GameObject:
  m_ObjectHideFlags: 0
  m_CorrespondingSourceObject: {fileID: 0}
  m_PrefabInstance: {fileID: 0}
  m_PrefabAsset: {fileID: 0}
  serializedVersion: 6
  m_Component:
  - component: {fileID: 7769999284057514032}
  m_Layer: 0
  m_Name: Hips
  m_TagString: Untagged
  m_Icon: {fileID: 0}
  m_NavMeshLayer: 0
  m_StaticEditorFlags: 0
  m_IsActive: 1
--- !u!4 &7769999284057514032
Transform:
  m_ObjectHideFlags: 0
  m_CorrespondingSourceObject: {fileID: 0}
  m_PrefabInstance: {fileID: 0}
  m_PrefabAsset: {fileID: 0}
  m_GameObject: {fileID: 1591363565827778563}
  m_LocalRotation: {x: -8.986289e-17, y: -0.0000000016993461, z: 0.000000052880864,
    w: 1}
  m_LocalPosition: {x: -0.00000005374918, y: 1.2186198, z: -0.0038583332}
  m_LocalScale: {x: 1, y: 1, z: 1}
  m_Children:
  - {fileID: 6854831132839661447}
  - {fileID: 7837973310040092455}
  - {fileID: 1593313610721903491}
  m_Father: {fileID: 7758704365118023481}
  m_RootOrder: 1
  m_LocalEulerAnglesHint: {x: 1.3035978, y: 23.31695, z: 0.049727}
--- !u!1 &1685950624355245309
GameObject:
  m_ObjectHideFlags: 0
  m_CorrespondingSourceObject: {fileID: 0}
  m_PrefabInstance: {fileID: 0}
  m_PrefabAsset: {fileID: 0}
  serializedVersion: 6
  m_Component:
  - component: {fileID: 937787443803091983}
  m_Layer: 0
  m_Name: LeftHandMiddle1
  m_TagString: Untagged
  m_Icon: {fileID: 0}
  m_NavMeshLayer: 0
  m_StaticEditorFlags: 0
  m_IsActive: 1
--- !u!4 &937787443803091983
Transform:
  m_ObjectHideFlags: 0
  m_CorrespondingSourceObject: {fileID: 0}
  m_PrefabInstance: {fileID: 0}
  m_PrefabAsset: {fileID: 0}
  m_GameObject: {fileID: 1685950624355245309}
  m_LocalRotation: {x: 0.00000001490115, y: -0.00000004467202, z: 0.000000029849474,
    w: 1}
  m_LocalPosition: {x: -0.1685189, y: -0.00000030517577, z: -0.000000028610229}
  m_LocalScale: {x: 1, y: 1, z: 1}
  m_Children:
  - {fileID: 7398075173895058082}
  m_Father: {fileID: 2090524801088843045}
  m_RootOrder: 1
  m_LocalEulerAnglesHint: {x: 1.8784497, y: -4.660971, z: 4.4491763}
--- !u!1 &1934912217313250728
GameObject:
  m_ObjectHideFlags: 0
  m_CorrespondingSourceObject: {fileID: 0}
  m_PrefabInstance: {fileID: 0}
  m_PrefabAsset: {fileID: 0}
  serializedVersion: 6
  m_Component:
  - component: {fileID: 4769203758596412379}
  m_Layer: 0
  m_Name: RightFoot
  m_TagString: Untagged
  m_Icon: {fileID: 0}
  m_NavMeshLayer: 0
  m_StaticEditorFlags: 0
  m_IsActive: 1
--- !u!4 &4769203758596412379
Transform:
  m_ObjectHideFlags: 0
  m_CorrespondingSourceObject: {fileID: 0}
  m_PrefabInstance: {fileID: 0}
  m_PrefabAsset: {fileID: 0}
  m_GameObject: {fileID: 1934912217313250728}
  m_LocalRotation: {x: -0.00016158074, y: 0.000000013566869, z: -0.00007812491, w: 1}
  m_LocalPosition: {x: -0.00007308006, y: -0.48740387, z: -0.035806328}
  m_LocalScale: {x: 1, y: 1, z: 1}
  m_Children:
  - {fileID: 2214845318182385993}
  m_Father: {fileID: 6209793810617166115}
  m_RootOrder: 0
  m_LocalEulerAnglesHint: {x: -11.751114, y: 7.9354916, z: -33.132057}
--- !u!1 &2026393417574814884
GameObject:
  m_ObjectHideFlags: 0
  m_CorrespondingSourceObject: {fileID: 0}
  m_PrefabInstance: {fileID: 0}
  m_PrefabAsset: {fileID: 0}
  serializedVersion: 6
  m_Component:
  - component: {fileID: 5210514697831422207}
  m_Layer: 0
  m_Name: RightHandThumb2
  m_TagString: Untagged
  m_Icon: {fileID: 0}
  m_NavMeshLayer: 0
  m_StaticEditorFlags: 0
  m_IsActive: 1
--- !u!4 &5210514697831422207
Transform:
  m_ObjectHideFlags: 0
  m_CorrespondingSourceObject: {fileID: 0}
  m_PrefabInstance: {fileID: 0}
  m_PrefabAsset: {fileID: 0}
  m_GameObject: {fileID: 2026393417574814884}
  m_LocalRotation: {x: -0.0000035075716, y: -0.0000010860321, z: 0.0000050260132,
    w: 1}
  m_LocalPosition: {x: 0.053544614, y: -0.03091446, z: 0.030914133}
  m_LocalScale: {x: 1, y: 1, z: 1}
  m_Children:
  - {fileID: 3777136479697587118}
  m_Father: {fileID: 8663167407923853456}
  m_RootOrder: 0
  m_LocalEulerAnglesHint: {x: -0.4263254, y: 14.176588, z: -7.429045}
--- !u!1 &2230463331952101772
GameObject:
  m_ObjectHideFlags: 0
  m_CorrespondingSourceObject: {fileID: 0}
  m_PrefabInstance: {fileID: 0}
  m_PrefabAsset: {fileID: 0}
  serializedVersion: 6
  m_Component:
  - component: {fileID: 3117491294430115572}
  m_Layer: 0
  m_Name: LeftArm
  m_TagString: Untagged
  m_Icon: {fileID: 0}
  m_NavMeshLayer: 0
  m_StaticEditorFlags: 0
  m_IsActive: 1
--- !u!4 &3117491294430115572
Transform:
  m_ObjectHideFlags: 0
  m_CorrespondingSourceObject: {fileID: 0}
  m_PrefabInstance: {fileID: 0}
  m_PrefabAsset: {fileID: 0}
  m_GameObject: {fileID: 2230463331952101772}
  m_LocalRotation: {x: 0.000000044703558, y: -0.0000016443636, z: 0.000000044703413,
    w: 1}
  m_LocalPosition: {x: -0.19373867, y: -0.0034613037, z: -0.05211524}
  m_LocalScale: {x: 1, y: 1, z: 1}
  m_Children:
  - {fileID: 1438015095700873378}
  m_Father: {fileID: 5774379831698708940}
  m_RootOrder: 0
  m_LocalEulerAnglesHint: {x: -0.25459337, y: -23.280338, z: 34.46073}
--- !u!1 &2236138200868070670
GameObject:
  m_ObjectHideFlags: 0
  m_CorrespondingSourceObject: {fileID: 0}
  m_PrefabInstance: {fileID: 0}
  m_PrefabAsset: {fileID: 0}
  serializedVersion: 6
  m_Component:
  - component: {fileID: 4028645639183793149}
  m_Layer: 0
  m_Name: LeftHandPinky4
  m_TagString: Untagged
  m_Icon: {fileID: 0}
  m_NavMeshLayer: 0
  m_StaticEditorFlags: 0
  m_IsActive: 1
--- !u!4 &4028645639183793149
Transform:
  m_ObjectHideFlags: 0
  m_CorrespondingSourceObject: {fileID: 0}
  m_PrefabInstance: {fileID: 0}
  m_PrefabAsset: {fileID: 0}
  m_GameObject: {fileID: 2236138200868070670}
  m_LocalRotation: {x: 0, y: -0, z: -0, w: 1}
  m_LocalPosition: {x: -0.03970535, y: -0.00000030517577, z: 0.000000019073486}
  m_LocalScale: {x: 1, y: 1, z: 1}
  m_Children: []
  m_Father: {fileID: 8082212153830818962}
  m_RootOrder: 0
  m_LocalEulerAnglesHint: {x: 0, y: 0, z: 0}
--- !u!1 &2511276300164736792
GameObject:
  m_ObjectHideFlags: 0
  m_CorrespondingSourceObject: {fileID: 0}
  m_PrefabInstance: {fileID: 0}
  m_PrefabAsset: {fileID: 0}
  serializedVersion: 6
  m_Component:
  - component: {fileID: 9134395616854575554}
  m_Layer: 0
  m_Name: Head
  m_TagString: Untagged
  m_Icon: {fileID: 0}
  m_NavMeshLayer: 0
  m_StaticEditorFlags: 0
  m_IsActive: 1
--- !u!4 &9134395616854575554
Transform:
  m_ObjectHideFlags: 0
  m_CorrespondingSourceObject: {fileID: 0}
  m_PrefabInstance: {fileID: 0}
  m_PrefabAsset: {fileID: 0}
  m_GameObject: {fileID: 2511276300164736792}
  m_LocalRotation: {x: 0, y: 0, z: 3.702803e-36, w: 1}
  m_LocalPosition: {x: -7.81256e-12, y: 0.09373367, z: 0.031378973}
  m_LocalScale: {x: 1, y: 1, z: 1}
  m_Children:
  - {fileID: 3033550032191761388}
  - {fileID: 6058989364147060967}
  - {fileID: 6445499530140655083}
  m_Father: {fileID: 5184946627401110330}
  m_RootOrder: 0
  m_LocalEulerAnglesHint: {x: -23.088488, y: -5.192011, z: 8.113224}
--- !u!1 &2667954173682106616
GameObject:
  m_ObjectHideFlags: 0
  m_CorrespondingSourceObject: {fileID: 0}
  m_PrefabInstance: {fileID: 0}
  m_PrefabAsset: {fileID: 0}
  serializedVersion: 6
  m_Component:
  - component: {fileID: 4254958985905680830}
  m_Layer: 0
  m_Name: RightShoulder
  m_TagString: Untagged
  m_Icon: {fileID: 0}
  m_NavMeshLayer: 0
  m_StaticEditorFlags: 0
  m_IsActive: 1
--- !u!4 &4254958985905680830
Transform:
  m_ObjectHideFlags: 0
  m_CorrespondingSourceObject: {fileID: 0}
  m_PrefabInstance: {fileID: 0}
  m_PrefabAsset: {fileID: 0}
  m_GameObject: {fileID: 2667954173682106616}
  m_LocalRotation: {x: -0.000000014901161, y: 4.2632564e-14, z: -0.000000044703256,
    w: 1}
  m_LocalPosition: {x: 0.07279798, y: 0.108769685, z: 0.0065068435}
  m_LocalScale: {x: 1, y: 1, z: 1}
  m_Children:
  - {fileID: 7003604590441529373}
  m_Father: {fileID: 8820202303830116713}
  m_RootOrder: 2
  m_LocalEulerAnglesHint: {x: -2.3793392, y: -19.719358, z: -14.479905}
--- !u!1 &2744042625963631296
GameObject:
  m_ObjectHideFlags: 0
  m_CorrespondingSourceObject: {fileID: 0}
  m_PrefabInstance: {fileID: 0}
  m_PrefabAsset: {fileID: 0}
  serializedVersion: 6
  m_Component:
  - component: {fileID: 2744042625963631327}
  - component: {fileID: 2744042625963631326}
  - component: {fileID: 2744042625963631325}
  m_Layer: 11
  m_Name: Player
  m_TagString: Player
  m_Icon: {fileID: 0}
  m_NavMeshLayer: 0
  m_StaticEditorFlags: 0
  m_IsActive: 1
--- !u!4 &2744042625963631327
Transform:
  m_ObjectHideFlags: 0
  m_CorrespondingSourceObject: {fileID: 0}
  m_PrefabInstance: {fileID: 0}
  m_PrefabAsset: {fileID: 0}
  m_GameObject: {fileID: 2744042625963631296}
  m_LocalRotation: {x: 0, y: 0.28404048, z: 0, w: 0.9588123}
  m_LocalPosition: {x: 0, y: 49.269, z: 0}
  m_LocalScale: {x: 1, y: 1, z: 1}
  m_Children:
  - {fileID: 7758704365118023481}
  - {fileID: 2648453201167556878}
  - {fileID: 4533964508610683414}
  m_Father: {fileID: 0}
  m_RootOrder: 0
  m_LocalEulerAnglesHint: {x: 0, y: 0, z: 0}
--- !u!143 &2744042625963631326
CharacterController:
  m_ObjectHideFlags: 0
  m_CorrespondingSourceObject: {fileID: 0}
  m_PrefabInstance: {fileID: 0}
  m_PrefabAsset: {fileID: 0}
  m_GameObject: {fileID: 2744042625963631296}
  m_Material: {fileID: 0}
  m_IsTrigger: 0
  m_Enabled: 1
  serializedVersion: 2
  m_Height: 2
  m_Radius: 0.5
  m_SlopeLimit: 45
  m_StepOffset: 0.25
  m_SkinWidth: 0.2
  m_MinMoveDistance: 0.01
  m_Center: {x: 0, y: 0, z: 0}
--- !u!114 &2744042625963631325
MonoBehaviour:
  m_ObjectHideFlags: 0
  m_CorrespondingSourceObject: {fileID: 0}
  m_PrefabInstance: {fileID: 0}
  m_PrefabAsset: {fileID: 0}
  m_GameObject: {fileID: 2744042625963631296}
  m_Enabled: 1
  m_EditorHideFlags: 0
  m_Script: {fileID: 11500000, guid: ea601dd540e67044fa3ada2e9b3ec42c, type: 3}
  m_Name: 
  m_EditorClassIdentifier: 
  tpcc: {fileID: 0}
  combatCameraOffset: {x: 4, y: 4, z: -4}
  combatCameraRotation: {x: 25, y: 0, z: 0}
  speed: 4
  speedAngular: 10
  speedRoll: 4
  speedAngularAttack: 40
  durationRoll: 0.9
  duractionAttackMelee1: 1.2
  duractionAttackMelee2: 1.6
  duractionAttackMelee3: 2
  durectionToComboAttack: 0.25
  duractionAttackRanged: 2.75
  duractionKnockedBack: 3.7
  minWalkThreshold: 0.25
  gravityMultiplier: 50
  frontRaycastDist: 0.8
  frontRaycastMask:
    serializedVersion: 2
    m_Bits: 1
  Arrow: {fileID: 1827107248130509083}
  Bow: {fileID: 311074631556307335}
  Mace: {fileID: 4613361405240144653}
  arrowPrefab: {fileID: 6993750993507548188}
  healthMax: 0
  UI_health: {fileID: 0}
  UI_respawn: {fileID: 0}
  respawnPoint: {fileID: 0}
  timeToRespawn: 4.5
  hitBox_Gorze: {fileID: 5816491120678429412}
  damageGorze_attack1: 0.4
  damageGorze_attack2: 0.6
  damageGorze_attack3: 0.8
  meleeAttack1Variations: []
  meleeAttack2Variations: []
  meleeAttack3Variations: []
  rangedAttackVariations: []
  rollVariations: []
  sfx_takeDamage: []
  Hips: {fileID: 7769999284057514032}
--- !u!1 &2815722300279031352
GameObject:
  m_ObjectHideFlags: 0
  m_CorrespondingSourceObject: {fileID: 0}
  m_PrefabInstance: {fileID: 0}
  m_PrefabAsset: {fileID: 0}
  serializedVersion: 6
  m_Component:
  - component: {fileID: 1438015095700873378}
  m_Layer: 0
  m_Name: LeftForeArm
  m_TagString: Untagged
  m_Icon: {fileID: 0}
  m_NavMeshLayer: 0
  m_StaticEditorFlags: 0
  m_IsActive: 1
--- !u!4 &1438015095700873378
Transform:
  m_ObjectHideFlags: 0
  m_CorrespondingSourceObject: {fileID: 0}
  m_PrefabInstance: {fileID: 0}
  m_PrefabAsset: {fileID: 0}
  m_GameObject: {fileID: 2815722300279031352}
  m_LocalRotation: {x: -0.000000059604638, y: -0.00000006849655, z: 2.0028037e-13,
    w: 1}
  m_LocalPosition: {x: -0.30406883, y: -0.00000030517577, z: 0.00000081062313}
  m_LocalScale: {x: 1, y: 1, z: 1}
  m_Children:
  - {fileID: 2090524801088843045}
  m_Father: {fileID: 3117491294430115572}
  m_RootOrder: 0
  m_LocalEulerAnglesHint: {x: -31.370092, y: 44.560135, z: 5.8653736}
--- !u!1 &3269929362887896247
GameObject:
  m_ObjectHideFlags: 0
  m_CorrespondingSourceObject: {fileID: 0}
  m_PrefabInstance: {fileID: 0}
  m_PrefabAsset: {fileID: 0}
  serializedVersion: 6
  m_Component:
  - component: {fileID: 7837973310040092455}
  m_Layer: 0
  m_Name: RightUpLeg
  m_TagString: Untagged
  m_Icon: {fileID: 0}
  m_NavMeshLayer: 0
  m_StaticEditorFlags: 0
  m_IsActive: 1
--- !u!4 &7837973310040092455
Transform:
  m_ObjectHideFlags: 0
  m_CorrespondingSourceObject: {fileID: 0}
  m_PrefabInstance: {fileID: 0}
  m_PrefabAsset: {fileID: 0}
  m_GameObject: {fileID: 3269929362887896247}
  m_LocalRotation: {x: -0.00016887751, y: 0.000000013978743, z: 0.000078072684, w: 1}
  m_LocalPosition: {x: 0.11727671, y: -0.09203018, z: 0.003560953}
  m_LocalScale: {x: 1, y: 1, z: 1}
  m_Children:
  - {fileID: 6209793810617166115}
  m_Father: {fileID: 7769999284057514032}
  m_RootOrder: 1
  m_LocalEulerAnglesHint: {x: -13.22956, y: 9.564956, z: 24.546385}
--- !u!1 &3436136983128796008
GameObject:
  m_ObjectHideFlags: 0
  m_CorrespondingSourceObject: {fileID: 0}
  m_PrefabInstance: {fileID: 0}
  m_PrefabAsset: {fileID: 0}
  serializedVersion: 6
  m_Component:
  - component: {fileID: 7795539733867013974}
  m_Layer: 0
  m_Name: LeftHandRing4
  m_TagString: Untagged
  m_Icon: {fileID: 0}
  m_NavMeshLayer: 0
  m_StaticEditorFlags: 0
  m_IsActive: 1
--- !u!4 &7795539733867013974
Transform:
  m_ObjectHideFlags: 0
  m_CorrespondingSourceObject: {fileID: 0}
  m_PrefabInstance: {fileID: 0}
  m_PrefabAsset: {fileID: 0}
  m_GameObject: {fileID: 3436136983128796008}
  m_LocalRotation: {x: 0, y: -0, z: -0, w: 1}
  m_LocalPosition: {x: -0.04001831, y: -0.00000015258789, z: 0.000000047683713}
  m_LocalScale: {x: 1, y: 1, z: 1}
  m_Children: []
  m_Father: {fileID: 3928447064928277589}
  m_RootOrder: 0
  m_LocalEulerAnglesHint: {x: 0, y: 0, z: 0}
--- !u!1 &3451664866469493627
GameObject:
  m_ObjectHideFlags: 0
  m_CorrespondingSourceObject: {fileID: 0}
  m_PrefabInstance: {fileID: 0}
  m_PrefabAsset: {fileID: 0}
  serializedVersion: 6
  m_Component:
  - component: {fileID: 7955156968861513705}
  m_Layer: 0
  m_Name: LeftToeBase
  m_TagString: Untagged
  m_Icon: {fileID: 0}
  m_NavMeshLayer: 0
  m_StaticEditorFlags: 0
  m_IsActive: 1
--- !u!4 &7955156968861513705
Transform:
  m_ObjectHideFlags: 0
  m_CorrespondingSourceObject: {fileID: 0}
  m_PrefabInstance: {fileID: 0}
  m_PrefabAsset: {fileID: 0}
  m_GameObject: {fileID: 3451664866469493627}
  m_LocalRotation: {x: 0.000000016813374, y: 1.1699264e-10, z: 9.310464e-10, w: 1}
  m_LocalPosition: {x: 0.000000009536743, y: -0.15345739, z: 0.14355758}
  m_LocalScale: {x: 1, y: 1, z: 1}
  m_Children:
  - {fileID: 1552437931700123543}
  m_Father: {fileID: 2474570312366355929}
  m_RootOrder: 0
  m_LocalEulerAnglesHint: {x: -3.4806607, y: -2.1423824, z: 2.122541}
--- !u!1 &3481189180571335656
GameObject:
  m_ObjectHideFlags: 0
  m_CorrespondingSourceObject: {fileID: 0}
  m_PrefabInstance: {fileID: 0}
  m_PrefabAsset: {fileID: 0}
  serializedVersion: 6
  m_Component:
  - component: {fileID: 6866256842952307726}
  m_Layer: 0
  m_Name: RightHandRing1
  m_TagString: Untagged
  m_Icon: {fileID: 0}
  m_NavMeshLayer: 0
  m_StaticEditorFlags: 0
  m_IsActive: 1
--- !u!4 &6866256842952307726
Transform:
  m_ObjectHideFlags: 0
  m_CorrespondingSourceObject: {fileID: 0}
  m_PrefabInstance: {fileID: 0}
  m_PrefabAsset: {fileID: 0}
  m_GameObject: {fileID: 3481189180571335656}
  m_LocalRotation: {x: 0.000000029802303, y: 0.00000002978658, z: -0.000000014932597,
    w: 1}
  m_LocalPosition: {x: 0.16085708, y: 0.00054840086, z: -0.044470586}
  m_LocalScale: {x: 1, y: 1, z: 1}
  m_Children:
  - {fileID: 486780573478783245}
  m_Father: {fileID: 759461456338448063}
  m_RootOrder: 4
  m_LocalEulerAnglesHint: {x: -5.3395405, y: -1.2737225, z: -58.38957}
--- !u!1 &3532779837138392512
GameObject:
  m_ObjectHideFlags: 0
  m_CorrespondingSourceObject: {fileID: 0}
  m_PrefabInstance: {fileID: 0}
  m_PrefabAsset: {fileID: 0}
  serializedVersion: 6
  m_Component:
  - component: {fileID: 2393777198479815626}
  - component: {fileID: 9094360594899901144}
  m_Layer: 0
  m_Name: MaleBruteA_Bottoms
  m_TagString: Untagged
  m_Icon: {fileID: 0}
  m_NavMeshLayer: 0
  m_StaticEditorFlags: 0
  m_IsActive: 1
--- !u!4 &2393777198479815626
Transform:
  m_ObjectHideFlags: 0
  m_CorrespondingSourceObject: {fileID: 0}
  m_PrefabInstance: {fileID: 0}
  m_PrefabAsset: {fileID: 0}
  m_GameObject: {fileID: 3532779837138392512}
  m_LocalRotation: {x: -0.7071068, y: 0, z: -0, w: 0.7071068}
  m_LocalPosition: {x: 0.0013519287, y: 0, z: 0}
  m_LocalScale: {x: 1, y: 1, z: 1}
  m_Children: []
  m_Father: {fileID: 7758704365118023481}
  m_RootOrder: 3
  m_LocalEulerAnglesHint: {x: 0, y: 0, z: 0}
--- !u!137 &9094360594899901144
SkinnedMeshRenderer:
  m_ObjectHideFlags: 0
  m_CorrespondingSourceObject: {fileID: 0}
  m_PrefabInstance: {fileID: 0}
  m_PrefabAsset: {fileID: 0}
  m_GameObject: {fileID: 3532779837138392512}
  m_Enabled: 1
  m_CastShadows: 1
  m_ReceiveShadows: 1
  m_DynamicOccludee: 1
  m_MotionVectors: 1
  m_LightProbeUsage: 1
  m_ReflectionProbeUsage: 1
  m_RayTracingMode: 0
  m_RenderingLayerMask: 1
  m_RendererPriority: 0
  m_Materials:
  - {fileID: 2100000, guid: 13800a783afc2f749b81a53f85219ff9, type: 2}
  m_StaticBatchInfo:
    firstSubMesh: 0
    subMeshCount: 0
  m_StaticBatchRoot: {fileID: 0}
  m_ProbeAnchor: {fileID: 0}
  m_LightProbeVolumeOverride: {fileID: 0}
  m_ScaleInLightmap: 1
  m_ReceiveGI: 1
  m_PreserveUVs: 0
  m_IgnoreNormalsForChartDetection: 0
  m_ImportantGI: 0
  m_StitchLightmapSeams: 1
  m_SelectedEditorRenderState: 3
  m_MinimumChartSize: 4
  m_AutoUVMaxDistance: 0.5
  m_AutoUVMaxAngle: 89
  m_LightmapParameters: {fileID: 0}
  m_SortingLayerID: 0
  m_SortingLayer: 0
  m_SortingOrder: 0
  serializedVersion: 2
  m_Quality: 0
  m_UpdateWhenOffscreen: 0
  m_SkinnedMotionVectors: 1
  m_Mesh: {fileID: 264172613138878724, guid: f75c0fcf156c0ab4da71dd9c02ab2051, type: 3}
  m_Bones:
  - {fileID: 7769999284057514032}
  - {fileID: 1593313610721903491}
  - {fileID: 6854831132839661447}
  - {fileID: 7837973310040092455}
  - {fileID: 6209793810617166115}
  - {fileID: 4769203758596412379}
  - {fileID: 2214845318182385993}
  - {fileID: 5164603658571642259}
  - {fileID: 6978369377311484861}
  - {fileID: 2474570312366355929}
  - {fileID: 7955156968861513705}
  m_BlendShapeWeights: []
  m_RootBone: {fileID: 7769999284057514032}
  m_AABB:
    m_Center: {x: 0.008563831, y: -0.45657212, z: -0.0038876534}
    m_Extent: {x: 0.26939774, y: 0.6100363, z: 0.19820605}
  m_DirtyAABB: 0
--- !u!1 &3606755595165981794
GameObject:
  m_ObjectHideFlags: 0
  m_CorrespondingSourceObject: {fileID: 0}
  m_PrefabInstance: {fileID: 0}
  m_PrefabAsset: {fileID: 0}
  serializedVersion: 6
  m_Component:
  - component: {fileID: 1968042964300932131}
  m_Layer: 0
  m_Name: RightHandMiddle1
  m_TagString: Untagged
  m_Icon: {fileID: 0}
  m_NavMeshLayer: 0
  m_StaticEditorFlags: 0
  m_IsActive: 1
--- !u!4 &1968042964300932131
Transform:
  m_ObjectHideFlags: 0
  m_CorrespondingSourceObject: {fileID: 0}
  m_PrefabInstance: {fileID: 0}
  m_PrefabAsset: {fileID: 0}
  m_GameObject: {fileID: 3606755595165981794}
  m_LocalRotation: {x: 0.00000001490115, y: 0.00000004467202, z: -0.000000029849474,
    w: 1}
  m_LocalPosition: {x: 0.1685189, y: -0.00000030517577, z: -0.000000028610229}
  m_LocalScale: {x: 1, y: 1, z: 1}
  m_Children:
  - {fileID: 3306423658990844765}
  m_Father: {fileID: 759461456338448063}
  m_RootOrder: 2
  m_LocalEulerAnglesHint: {x: -0.14330818, y: -1.9288331, z: -44.994514}
--- !u!1 &3643680000643135648
GameObject:
  m_ObjectHideFlags: 0
  m_CorrespondingSourceObject: {fileID: 0}
  m_PrefabInstance: {fileID: 0}
  m_PrefabAsset: {fileID: 0}
  serializedVersion: 6
  m_Component:
  - component: {fileID: 1593313610721903491}
  m_Layer: 0
  m_Name: Spine
  m_TagString: Untagged
  m_Icon: {fileID: 0}
  m_NavMeshLayer: 0
  m_StaticEditorFlags: 0
  m_IsActive: 1
--- !u!4 &1593313610721903491
Transform:
  m_ObjectHideFlags: 0
  m_CorrespondingSourceObject: {fileID: 0}
  m_PrefabInstance: {fileID: 0}
  m_PrefabAsset: {fileID: 0}
  m_GameObject: {fileID: 3643680000643135648}
  m_LocalRotation: {x: 8.248717e-17, y: 0.0000000016993461, z: -0.000000052881774,
    w: 1}
  m_LocalPosition: {x: -1.2551027e-12, y: 0.11843246, z: -0.013816392}
  m_LocalScale: {x: 1, y: 1, z: 1}
  m_Children:
  - {fileID: 5164603658571642259}
  m_Father: {fileID: 7769999284057514032}
  m_RootOrder: 2
  m_LocalEulerAnglesHint: {x: 11.377972, y: -3.0554643, z: -0.90929186}
--- !u!1 &3647074224259671357
GameObject:
  m_ObjectHideFlags: 0
  m_CorrespondingSourceObject: {fileID: 0}
  m_PrefabInstance: {fileID: 0}
  m_PrefabAsset: {fileID: 0}
  serializedVersion: 6
  m_Component:
  - component: {fileID: 5359980878430867808}
  m_Layer: 0
  m_Name: RightHandIndex2
  m_TagString: Untagged
  m_Icon: {fileID: 0}
  m_NavMeshLayer: 0
  m_StaticEditorFlags: 0
  m_IsActive: 1
--- !u!4 &5359980878430867808
Transform:
  m_ObjectHideFlags: 0
  m_CorrespondingSourceObject: {fileID: 0}
  m_PrefabInstance: {fileID: 0}
  m_PrefabAsset: {fileID: 0}
  m_GameObject: {fileID: 3647074224259671357}
  m_LocalRotation: {x: -0.00000004470345, y: -0.000000014901163, z: 1.5724411e-11,
    w: 1}
  m_LocalPosition: {x: 0.056315154, y: -0.00000015258789, z: -0.000000057220458}
  m_LocalScale: {x: 1, y: 1, z: 1}
  m_Children:
  - {fileID: 9209083780349897486}
  m_Father: {fileID: 6408198559916705076}
  m_RootOrder: 0
  m_LocalEulerAnglesHint: {x: 1.0095197, y: -3.8815093, z: -68.96725}
--- !u!1 &3716738088492798372
GameObject:
  m_ObjectHideFlags: 0
  m_CorrespondingSourceObject: {fileID: 0}
  m_PrefabInstance: {fileID: 0}
  m_PrefabAsset: {fileID: 0}
  serializedVersion: 6
  m_Component:
  - component: {fileID: 8082212153830818962}
  m_Layer: 0
  m_Name: LeftHandPinky3
  m_TagString: Untagged
  m_Icon: {fileID: 0}
  m_NavMeshLayer: 0
  m_StaticEditorFlags: 0
  m_IsActive: 1
--- !u!4 &8082212153830818962
Transform:
  m_ObjectHideFlags: 0
  m_CorrespondingSourceObject: {fileID: 0}
  m_PrefabInstance: {fileID: 0}
  m_PrefabAsset: {fileID: 0}
  m_GameObject: {fileID: 3716738088492798372}
  m_LocalRotation: {x: -0.000000059604606, y: -0.00000002983375, z: -0.000000029770854,
    w: 1}
  m_LocalPosition: {x: -0.033887785, y: -0.00000015258789, z: 0}
  m_LocalScale: {x: 1, y: 1, z: 1}
  m_Children:
  - {fileID: 4028645639183793149}
  m_Father: {fileID: 8627684271270848805}
  m_RootOrder: 0
  m_LocalEulerAnglesHint: {x: -2.2461493, y: 0.013999133, z: 34.673313}
--- !u!1 &3745905591423926574
GameObject:
  m_ObjectHideFlags: 0
  m_CorrespondingSourceObject: {fileID: 0}
  m_PrefabInstance: {fileID: 0}
  m_PrefabAsset: {fileID: 0}
  serializedVersion: 6
  m_Component:
  - component: {fileID: 486780573478783245}
  m_Layer: 0
  m_Name: RightHandRing2
  m_TagString: Untagged
  m_Icon: {fileID: 0}
  m_NavMeshLayer: 0
  m_StaticEditorFlags: 0
  m_IsActive: 1
--- !u!4 &486780573478783245
Transform:
  m_ObjectHideFlags: 0
  m_CorrespondingSourceObject: {fileID: 0}
  m_PrefabInstance: {fileID: 0}
  m_PrefabAsset: {fileID: 0}
  m_GameObject: {fileID: 3745905591423926574}
  m_LocalRotation: {x: -0.0000000298023, y: -0.000000029755123, z: 0.000000044734893,
    w: 1}
  m_LocalPosition: {x: 0.054352034, y: -0.00000015258789, z: 0.000000028610229}
  m_LocalScale: {x: 1, y: 1, z: 1}
  m_Children:
  - {fileID: 1255796591231133140}
  m_Father: {fileID: 6866256842952307726}
  m_RootOrder: 0
  m_LocalEulerAnglesHint: {x: -0.76486605, y: -1.7126805, z: -47.987194}
--- !u!1 &3847681964207517945
GameObject:
  m_ObjectHideFlags: 0
  m_CorrespondingSourceObject: {fileID: 0}
  m_PrefabInstance: {fileID: 0}
  m_PrefabAsset: {fileID: 0}
  serializedVersion: 6
  m_Component:
  - component: {fileID: 8663167407923853456}
  m_Layer: 0
  m_Name: RightHandThumb1
  m_TagString: Untagged
  m_Icon: {fileID: 0}
  m_NavMeshLayer: 0
  m_StaticEditorFlags: 0
  m_IsActive: 1
--- !u!4 &8663167407923853456
Transform:
  m_ObjectHideFlags: 0
  m_CorrespondingSourceObject: {fileID: 0}
  m_PrefabInstance: {fileID: 0}
  m_PrefabAsset: {fileID: 0}
  m_GameObject: {fileID: 3847681964207517945}
  m_LocalRotation: {x: -0.0002110276, y: -0.00018390856, z: 0.00018164929, w: 0.99999994}
  m_LocalPosition: {x: 0.044698104, y: -0.035334777, z: 0.039412875}
  m_LocalScale: {x: 1, y: 1, z: 1}
  m_Children:
  - {fileID: 5210514697831422207}
  m_Father: {fileID: 759461456338448063}
  m_RootOrder: 5
  m_LocalEulerAnglesHint: {x: 51.023285, y: -30.557152, z: 5.079576}
--- !u!1 &4044650915362949552
GameObject:
  m_ObjectHideFlags: 0
  m_CorrespondingSourceObject: {fileID: 0}
  m_PrefabInstance: {fileID: 0}
  m_PrefabAsset: {fileID: 0}
  serializedVersion: 6
  m_Component:
  - component: {fileID: 889751717552602027}
  m_Layer: 0
  m_Name: LeftHandThumb2
  m_TagString: Untagged
  m_Icon: {fileID: 0}
  m_NavMeshLayer: 0
  m_StaticEditorFlags: 0
  m_IsActive: 1
--- !u!4 &889751717552602027
Transform:
  m_ObjectHideFlags: 0
  m_CorrespondingSourceObject: {fileID: 0}
  m_PrefabInstance: {fileID: 0}
  m_PrefabAsset: {fileID: 0}
  m_GameObject: {fileID: 4044650915362949552}
  m_LocalRotation: {x: -0.0000035075768, y: 0.0000010860414, z: -0.0000050111116,
    w: 1}
  m_LocalPosition: {x: -0.053544614, y: -0.030914307, z: 0.030914133}
  m_LocalScale: {x: 1, y: 1, z: 1}
  m_Children:
  - {fileID: 3848925290044573645}
  m_Father: {fileID: 1008938280533007188}
  m_RootOrder: 0
  m_LocalEulerAnglesHint: {x: -1.1272669, y: -11.252553, z: 8.631019}
--- !u!1 &4210639400017545598
GameObject:
  m_ObjectHideFlags: 0
  m_CorrespondingSourceObject: {fileID: 0}
  m_PrefabInstance: {fileID: 0}
  m_PrefabAsset: {fileID: 0}
  serializedVersion: 6
  m_Component:
  - component: {fileID: 7954597643323962503}
  m_Layer: 0
  m_Name: LeftHandPinky1
  m_TagString: Untagged
  m_Icon: {fileID: 0}
  m_NavMeshLayer: 0
  m_StaticEditorFlags: 0
  m_IsActive: 1
--- !u!4 &7954597643323962503
Transform:
  m_ObjectHideFlags: 0
  m_CorrespondingSourceObject: {fileID: 0}
  m_PrefabInstance: {fileID: 0}
  m_PrefabAsset: {fileID: 0}
  m_GameObject: {fileID: 4210639400017545598}
  m_LocalRotation: {x: 0.000000029802305, y: -0.000000014916873, z: -0.000000014885428,
    w: 1}
  m_LocalPosition: {x: -0.13956298, y: -0.015784454, z: -0.077345}
  m_LocalScale: {x: 1, y: 1, z: 1}
  m_Children:
  - {fileID: 8627684271270848805}
  m_Father: {fileID: 2090524801088843045}
  m_RootOrder: 2
  m_LocalEulerAnglesHint: {x: 1.9940904, y: -6.2867174, z: 22.173044}
--- !u!1 &4478359024637100675
GameObject:
  m_ObjectHideFlags: 0
  m_CorrespondingSourceObject: {fileID: 0}
  m_PrefabInstance: {fileID: 0}
  m_PrefabAsset: {fileID: 0}
  serializedVersion: 6
  m_Component:
  - component: {fileID: 3928447064928277589}
  m_Layer: 0
  m_Name: LeftHandRing3
  m_TagString: Untagged
  m_Icon: {fileID: 0}
  m_NavMeshLayer: 0
  m_StaticEditorFlags: 0
  m_IsActive: 1
--- !u!4 &3928447064928277589
Transform:
  m_ObjectHideFlags: 0
  m_CorrespondingSourceObject: {fileID: 0}
  m_PrefabInstance: {fileID: 0}
  m_PrefabAsset: {fileID: 0}
  m_GameObject: {fileID: 4478359024637100675}
  m_LocalRotation: {x: 0.000000059604606, y: -0.000000014885422, z: 0.00000001491687,
    w: 1}
  m_LocalPosition: {x: -0.043390807, y: -0.00000015258789, z: 0.000000019073486}
  m_LocalScale: {x: 1, y: 1, z: 1}
  m_Children:
  - {fileID: 7795539733867013974}
  m_Father: {fileID: 850142506836611586}
  m_RootOrder: 0
  m_LocalEulerAnglesHint: {x: -0.73377687, y: 0.7263441, z: 22.048403}
--- !u!1 &4605510976969079072
GameObject:
  m_ObjectHideFlags: 0
  m_CorrespondingSourceObject: {fileID: 0}
  m_PrefabInstance: {fileID: 0}
  m_PrefabAsset: {fileID: 0}
  serializedVersion: 6
  m_Component:
  - component: {fileID: 5049836396363618140}
  m_Layer: 0
  m_Name: LeftHandIndex3
  m_TagString: Untagged
  m_Icon: {fileID: 0}
  m_NavMeshLayer: 0
  m_StaticEditorFlags: 0
  m_IsActive: 1
--- !u!4 &5049836396363618140
Transform:
  m_ObjectHideFlags: 0
  m_CorrespondingSourceObject: {fileID: 0}
  m_PrefabInstance: {fileID: 0}
  m_PrefabAsset: {fileID: 0}
  m_GameObject: {fileID: 4605510976969079072}
  m_LocalRotation: {x: 8.338661e-15, y: 0.0000000148382675, z: -0.00000005962034,
    w: 1}
  m_LocalPosition: {x: -0.053911436, y: 0, z: -0.00000007152557}
  m_LocalScale: {x: 1, y: 1, z: 1}
  m_Children:
  - {fileID: 1422332269305442101}
  m_Father: {fileID: 7066815095658853572}
  m_RootOrder: 0
  m_LocalEulerAnglesHint: {x: 0.049668998, y: 0.45670462, z: 7.5679994}
--- !u!1 &4652948272333631767
GameObject:
  m_ObjectHideFlags: 0
  m_CorrespondingSourceObject: {fileID: 0}
  m_PrefabInstance: {fileID: 0}
  m_PrefabAsset: {fileID: 0}
  serializedVersion: 6
  m_Component:
  - component: {fileID: 6951541938296889455}
  - component: {fileID: 3860270360158756572}
  - component: {fileID: 311074631556307335}
  m_Layer: 0
  m_Name: Bow
  m_TagString: Untagged
  m_Icon: {fileID: 0}
  m_NavMeshLayer: 0
  m_StaticEditorFlags: 0
  m_IsActive: 1
--- !u!4 &6951541938296889455
Transform:
  m_ObjectHideFlags: 0
  m_CorrespondingSourceObject: {fileID: 0}
  m_PrefabInstance: {fileID: 0}
  m_PrefabAsset: {fileID: 0}
  m_GameObject: {fileID: 4652948272333631767}
  m_LocalRotation: {x: -0.00000001259436, y: 0.00000025052566, z: 0.96118957, w: 0.27588862}
  m_LocalPosition: {x: 0.076, y: 2.295, z: 0.099}
  m_LocalScale: {x: 1.4, y: 1.4, z: 1.4}
  m_Children: []
  m_Father: {fileID: 5252421406539907023}
  m_RootOrder: 1
  m_LocalEulerAnglesHint: {x: 0, y: 0, z: 147.97}
--- !u!33 &3860270360158756572
MeshFilter:
  m_ObjectHideFlags: 0
  m_CorrespondingSourceObject: {fileID: 0}
  m_PrefabInstance: {fileID: 0}
  m_PrefabAsset: {fileID: 0}
  m_GameObject: {fileID: 4652948272333631767}
  m_Mesh: {fileID: 3609637667073480196, guid: 8fc69b510dc6dd24f86ec37e9440ec12, type: 3}
--- !u!23 &311074631556307335
MeshRenderer:
  m_ObjectHideFlags: 0
  m_CorrespondingSourceObject: {fileID: 0}
  m_PrefabInstance: {fileID: 0}
  m_PrefabAsset: {fileID: 0}
  m_GameObject: {fileID: 4652948272333631767}
  m_Enabled: 1
  m_CastShadows: 1
  m_ReceiveShadows: 1
  m_DynamicOccludee: 1
  m_MotionVectors: 1
  m_LightProbeUsage: 1
  m_ReflectionProbeUsage: 1
  m_RayTracingMode: 2
  m_RenderingLayerMask: 1
  m_RendererPriority: 0
  m_Materials:
  - {fileID: 2100000, guid: 3193cf6cf65b8a748b1a843c78e6c26d, type: 2}
  m_StaticBatchInfo:
    firstSubMesh: 0
    subMeshCount: 0
  m_StaticBatchRoot: {fileID: 0}
  m_ProbeAnchor: {fileID: 0}
  m_LightProbeVolumeOverride: {fileID: 0}
  m_ScaleInLightmap: 1
  m_ReceiveGI: 1
  m_PreserveUVs: 0
  m_IgnoreNormalsForChartDetection: 0
  m_ImportantGI: 0
  m_StitchLightmapSeams: 1
  m_SelectedEditorRenderState: 3
  m_MinimumChartSize: 4
  m_AutoUVMaxDistance: 0.5
  m_AutoUVMaxAngle: 89
  m_LightmapParameters: {fileID: 0}
  m_SortingLayerID: 0
  m_SortingLayer: 0
  m_SortingOrder: 0
--- !u!1 &4805122673019502082
GameObject:
  m_ObjectHideFlags: 0
  m_CorrespondingSourceObject: {fileID: 0}
  m_PrefabInstance: {fileID: 0}
  m_PrefabAsset: {fileID: 0}
  serializedVersion: 6
  m_Component:
  - component: {fileID: 1552437931700123543}
  m_Layer: 0
  m_Name: LeftToe_End
  m_TagString: Untagged
  m_Icon: {fileID: 0}
  m_NavMeshLayer: 0
  m_StaticEditorFlags: 0
  m_IsActive: 1
--- !u!4 &1552437931700123543
Transform:
  m_ObjectHideFlags: 0
  m_CorrespondingSourceObject: {fileID: 0}
  m_PrefabInstance: {fileID: 0}
  m_PrefabAsset: {fileID: 0}
  m_GameObject: {fileID: 4805122673019502082}
  m_LocalRotation: {x: 0, y: -0, z: -0, w: 1}
  m_LocalPosition: {x: -0.008849497, y: 0.000000004590838, z: 0.15255934}
  m_LocalScale: {x: 1, y: 1, z: 1}
  m_Children: []
  m_Father: {fileID: 7955156968861513705}
  m_RootOrder: 0
  m_LocalEulerAnglesHint: {x: 0, y: 0, z: 0}
--- !u!1 &4814880175023088138
GameObject:
  m_ObjectHideFlags: 0
  m_CorrespondingSourceObject: {fileID: 0}
  m_PrefabInstance: {fileID: 0}
  m_PrefabAsset: {fileID: 0}
  serializedVersion: 6
  m_Component:
  - component: {fileID: 6301419679892348193}
  m_Layer: 0
  m_Name: RightHandThumb4
  m_TagString: Untagged
  m_Icon: {fileID: 0}
  m_NavMeshLayer: 0
  m_StaticEditorFlags: 0
  m_IsActive: 1
--- !u!4 &6301419679892348193
Transform:
  m_ObjectHideFlags: 0
  m_CorrespondingSourceObject: {fileID: 0}
  m_PrefabInstance: {fileID: 0}
  m_PrefabAsset: {fileID: 0}
  m_GameObject: {fileID: 4814880175023088138}
  m_LocalRotation: {x: 0, y: -0, z: -0, w: 1}
  m_LocalPosition: {x: 0.03805748, y: -0.021972656, z: 0.02197246}
  m_LocalScale: {x: 1, y: 1, z: 1}
  m_Children: []
  m_Father: {fileID: 3777136479697587118}
  m_RootOrder: 0
  m_LocalEulerAnglesHint: {x: 0, y: 0, z: 0}
--- !u!1 &5221015458053222523
GameObject:
  m_ObjectHideFlags: 0
  m_CorrespondingSourceObject: {fileID: 0}
  m_PrefabInstance: {fileID: 0}
  m_PrefabAsset: {fileID: 0}
  serializedVersion: 6
  m_Component:
  - component: {fileID: 5252421406539907023}
  m_Layer: 0
  m_Name: LeftHandMiddle3
  m_TagString: Untagged
  m_Icon: {fileID: 0}
  m_NavMeshLayer: 0
  m_StaticEditorFlags: 0
  m_IsActive: 1
--- !u!4 &5252421406539907023
Transform:
  m_ObjectHideFlags: 0
  m_CorrespondingSourceObject: {fileID: 0}
  m_PrefabInstance: {fileID: 0}
  m_PrefabAsset: {fileID: 0}
  m_GameObject: {fileID: 5221015458053222523}
  m_LocalRotation: {x: 5.320006e-16, y: -1.5720184e-11, z: -0.000000014901155, w: 1}
  m_LocalPosition: {x: -0.05053749, y: 0, z: 0.000000028610229}
  m_LocalScale: {x: 1, y: 1, z: 1}
  m_Children:
  - {fileID: 4666568615573419735}
  - {fileID: 6951541938296889455}
  m_Father: {fileID: 7398075173895058082}
  m_RootOrder: 0
  m_LocalEulerAnglesHint: {x: 0.62845606, y: 1.368545, z: 16.567448}
--- !u!1 &5267409816798084463
GameObject:
  m_ObjectHideFlags: 0
  m_CorrespondingSourceObject: {fileID: 0}
  m_PrefabInstance: {fileID: 0}
  m_PrefabAsset: {fileID: 0}
  serializedVersion: 6
  m_Component:
  - component: {fileID: 3396319701680891291}
  m_Layer: 0
  m_Name: RightHandMiddle3
  m_TagString: Untagged
  m_Icon: {fileID: 0}
  m_NavMeshLayer: 0
  m_StaticEditorFlags: 0
  m_IsActive: 1
--- !u!4 &3396319701680891291
Transform:
  m_ObjectHideFlags: 0
  m_CorrespondingSourceObject: {fileID: 0}
  m_PrefabInstance: {fileID: 0}
  m_PrefabAsset: {fileID: 0}
  m_GameObject: {fileID: 5267409816798084463}
  m_LocalRotation: {x: 0.00000005960461, y: 0.00000002984947, z: 0.000000044672014,
    w: 1}
  m_LocalPosition: {x: 0.05053749, y: 0, z: 0.000000028610229}
  m_LocalScale: {x: 1, y: 1, z: 1}
  m_Children:
  - {fileID: 5072347577590299955}
  - {fileID: 6856050918542632851}
  m_Father: {fileID: 3306423658990844765}
  m_RootOrder: 0
  m_LocalEulerAnglesHint: {x: -0.95081913, y: -1.853659, z: -41.07534}
--- !u!1 &5840965059232021905
GameObject:
  m_ObjectHideFlags: 0
  m_CorrespondingSourceObject: {fileID: 0}
  m_PrefabInstance: {fileID: 0}
  m_PrefabAsset: {fileID: 0}
  serializedVersion: 6
  m_Component:
  - component: {fileID: 8780980138413670944}
  m_Layer: 0
  m_Name: RightHandPinky3
  m_TagString: Untagged
  m_Icon: {fileID: 0}
  m_NavMeshLayer: 0
  m_StaticEditorFlags: 0
  m_IsActive: 1
--- !u!4 &8780980138413670944
Transform:
  m_ObjectHideFlags: 0
  m_CorrespondingSourceObject: {fileID: 0}
  m_PrefabInstance: {fileID: 0}
  m_PrefabAsset: {fileID: 0}
  m_GameObject: {fileID: 5840965059232021905}
  m_LocalRotation: {x: -0.0000000894069, y: -1.4056909e-18, z: -1.3322667e-15, w: 1}
  m_LocalPosition: {x: 0.033887785, y: -0.00000015258789, z: 0}
  m_LocalScale: {x: 1, y: 1, z: 1}
  m_Children:
  - {fileID: 7053984408433582940}
  m_Father: {fileID: 73992646387769359}
  m_RootOrder: 0
  m_LocalEulerAnglesHint: {x: -0.51377916, y: -0.82901114, z: -24.978395}
--- !u!1 &5856267837139335482
GameObject:
  m_ObjectHideFlags: 0
  m_CorrespondingSourceObject: {fileID: 0}
  m_PrefabInstance: {fileID: 0}
  m_PrefabAsset: {fileID: 0}
  serializedVersion: 6
  m_Component:
  - component: {fileID: 7003604590441529373}
  m_Layer: 0
  m_Name: RightArm
  m_TagString: Untagged
  m_Icon: {fileID: 0}
  m_NavMeshLayer: 0
  m_StaticEditorFlags: 0
  m_IsActive: 1
--- !u!4 &7003604590441529373
Transform:
  m_ObjectHideFlags: 0
  m_CorrespondingSourceObject: {fileID: 0}
  m_PrefabInstance: {fileID: 0}
  m_PrefabAsset: {fileID: 0}
  m_GameObject: {fileID: 5856267837139335482}
  m_LocalRotation: {x: 0.0000000149010875, y: 0.0000016443636, z: 0.00000004470351,
    w: 1}
  m_LocalPosition: {x: 0.19373868, y: -0.0034614562, z: -0.05211524}
  m_LocalScale: {x: 1, y: 1, z: 1}
  m_Children:
  - {fileID: 6114742094435757897}
  m_Father: {fileID: 4254958985905680830}
  m_RootOrder: 0
  m_LocalEulerAnglesHint: {x: 35.072117, y: -32.942802, z: -24.93367}
--- !u!1 &5858965131446445337
GameObject:
  m_ObjectHideFlags: 0
  m_CorrespondingSourceObject: {fileID: 0}
  m_PrefabInstance: {fileID: 0}
  m_PrefabAsset: {fileID: 0}
  serializedVersion: 6
  m_Component:
  - component: {fileID: 6408198559916705076}
  m_Layer: 0
  m_Name: RightHandIndex1
  m_TagString: Untagged
  m_Icon: {fileID: 0}
  m_NavMeshLayer: 0
  m_StaticEditorFlags: 0
  m_IsActive: 1
--- !u!4 &6408198559916705076
Transform:
  m_ObjectHideFlags: 0
  m_CorrespondingSourceObject: {fileID: 0}
  m_PrefabInstance: {fileID: 0}
  m_PrefabAsset: {fileID: 0}
  m_GameObject: {fileID: 5858965131446445337}
  m_LocalRotation: {x: 0.000000014901153, y: 1.5725733e-11, z: 0.000000014901152,
    w: 1}
  m_LocalPosition: {x: 0.15985274, y: -0.015426025, z: 0.044485953}
  m_LocalScale: {x: 1, y: 1, z: 1}
  m_Children:
  - {fileID: 5359980878430867808}
  m_Father: {fileID: 759461456338448063}
  m_RootOrder: 1
  m_LocalEulerAnglesHint: {x: 5.611577, y: -7.6581826, z: -37.59099}
--- !u!1 &5946963931317128905
GameObject:
  m_ObjectHideFlags: 0
  m_CorrespondingSourceObject: {fileID: 0}
  m_PrefabInstance: {fileID: 0}
  m_PrefabAsset: {fileID: 0}
  serializedVersion: 6
  m_Component:
  - component: {fileID: 7053984408433582940}
  m_Layer: 0
  m_Name: RightHandPinky4
  m_TagString: Untagged
  m_Icon: {fileID: 0}
  m_NavMeshLayer: 0
  m_StaticEditorFlags: 0
  m_IsActive: 1
--- !u!4 &7053984408433582940
Transform:
  m_ObjectHideFlags: 0
  m_CorrespondingSourceObject: {fileID: 0}
  m_PrefabInstance: {fileID: 0}
  m_PrefabAsset: {fileID: 0}
  m_GameObject: {fileID: 5946963931317128905}
  m_LocalRotation: {x: 0, y: -0, z: -0, w: 1}
  m_LocalPosition: {x: 0.03970535, y: -0.00000015258789, z: 0.000000019073486}
  m_LocalScale: {x: 1, y: 1, z: 1}
  m_Children: []
  m_Father: {fileID: 8780980138413670944}
  m_RootOrder: 0
  m_LocalEulerAnglesHint: {x: 0, y: 0, z: 0}
--- !u!1 &6150066971252271650
GameObject:
  m_ObjectHideFlags: 0
  m_CorrespondingSourceObject: {fileID: 0}
  m_PrefabInstance: {fileID: 0}
  m_PrefabAsset: {fileID: 0}
  serializedVersion: 6
  m_Component:
  - component: {fileID: 6209793810617166115}
  m_Layer: 0
  m_Name: RightLeg
  m_TagString: Untagged
  m_Icon: {fileID: 0}
  m_NavMeshLayer: 0
  m_StaticEditorFlags: 0
  m_IsActive: 1
--- !u!4 &6209793810617166115
Transform:
  m_ObjectHideFlags: 0
  m_CorrespondingSourceObject: {fileID: 0}
  m_PrefabInstance: {fileID: 0}
  m_PrefabAsset: {fileID: 0}
  m_GameObject: {fileID: 6150066971252271650}
  m_LocalRotation: {x: 0.00033045057, y: -0.00000006655443, z: -6.4804634e-10, w: 0.99999994}
  m_LocalPosition: {x: -0.00007855415, y: -0.48574042, z: 0.0046128468}
  m_LocalScale: {x: 1, y: 1, z: 1}
  m_Children:
  - {fileID: 4769203758596412379}
  m_Father: {fileID: 7837973310040092455}
  m_RootOrder: 0
  m_LocalEulerAnglesHint: {x: 37.546654, y: 10.357771, z: 13.453697}
--- !u!1 &6350781914641171717
GameObject:
  m_ObjectHideFlags: 0
  m_CorrespondingSourceObject: {fileID: 0}
  m_PrefabInstance: {fileID: 0}
  m_PrefabAsset: {fileID: 0}
  serializedVersion: 6
  m_Component:
  - component: {fileID: 8820202303830116713}
  m_Layer: 0
  m_Name: Spine2
  m_TagString: Untagged
  m_Icon: {fileID: 0}
  m_NavMeshLayer: 0
  m_StaticEditorFlags: 0
  m_IsActive: 1
--- !u!4 &8820202303830116713
Transform:
  m_ObjectHideFlags: 0
  m_CorrespondingSourceObject: {fileID: 0}
  m_PrefabInstance: {fileID: 0}
  m_PrefabAsset: {fileID: 0}
  m_GameObject: {fileID: 6350781914641171717}
  m_LocalRotation: {x: 0, y: 0, z: 5.65064e-37, w: 1}
  m_LocalPosition: {x: -1.0027179e-11, y: 0.15895157, z: -0.022186147}
  m_LocalScale: {x: 1, y: 1, z: 1}
  m_Children:
  - {fileID: 5774379831698708940}
  - {fileID: 5184946627401110330}
  - {fileID: 4254958985905680830}
  m_Father: {fileID: 5164603658571642259}
  m_RootOrder: 0
  m_LocalEulerAnglesHint: {x: -5.1635127, y: -5.2604027, z: -1.0627122}
--- !u!1 &6445281684727553274
GameObject:
  m_ObjectHideFlags: 0
  m_CorrespondingSourceObject: {fileID: 0}
  m_PrefabInstance: {fileID: 0}
  m_PrefabAsset: {fileID: 0}
  serializedVersion: 6
  m_Component:
  - component: {fileID: 6058989364147060967}
  m_Layer: 0
  m_Name: LeftEye
  m_TagString: Untagged
  m_Icon: {fileID: 0}
  m_NavMeshLayer: 0
  m_StaticEditorFlags: 0
  m_IsActive: 1
--- !u!4 &6058989364147060967
Transform:
  m_ObjectHideFlags: 0
  m_CorrespondingSourceObject: {fileID: 0}
  m_PrefabInstance: {fileID: 0}
  m_PrefabAsset: {fileID: 0}
  m_GameObject: {fileID: 6445281684727553274}
  m_LocalRotation: {x: 0, y: -0, z: -0, w: 1}
  m_LocalPosition: {x: -0.041261468, y: 0.09794266, z: 0.12708169}
  m_LocalScale: {x: 1, y: 1, z: 1}
  m_Children: []
  m_Father: {fileID: 9134395616854575554}
  m_RootOrder: 1
  m_LocalEulerAnglesHint: {x: 0, y: 0, z: 0}
--- !u!1 &6485085234079259286
GameObject:
  m_ObjectHideFlags: 0
  m_CorrespondingSourceObject: {fileID: 0}
  m_PrefabInstance: {fileID: 0}
  m_PrefabAsset: {fileID: 0}
  serializedVersion: 6
  m_Component:
  - component: {fileID: 6114742094435757897}
  m_Layer: 0
  m_Name: RightForeArm
  m_TagString: Untagged
  m_Icon: {fileID: 0}
  m_NavMeshLayer: 0
  m_StaticEditorFlags: 0
  m_IsActive: 1
--- !u!4 &6114742094435757897
Transform:
  m_ObjectHideFlags: 0
  m_CorrespondingSourceObject: {fileID: 0}
  m_PrefabInstance: {fileID: 0}
  m_PrefabAsset: {fileID: 0}
  m_GameObject: {fileID: 6485085234079259286}
  m_LocalRotation: {x: -0.000000059604638, y: 0.00000006849655, z: -2.041816e-13,
    w: 1}
  m_LocalPosition: {x: 0.30406883, y: -0.00000030517577, z: 0.00000081062313}
  m_LocalScale: {x: 1, y: 1, z: 1}
  m_Children:
  - {fileID: 759461456338448063}
  m_Father: {fileID: 7003604590441529373}
  m_RootOrder: 0
  m_LocalEulerAnglesHint: {x: 10.805534, y: -80.61019, z: 9.141588}
--- !u!1 &6691813220626509966
GameObject:
  m_ObjectHideFlags: 0
  m_CorrespondingSourceObject: {fileID: 0}
  m_PrefabInstance: {fileID: 0}
  m_PrefabAsset: {fileID: 0}
  serializedVersion: 6
  m_Component:
  - component: {fileID: 4851040163882700649}
  m_Layer: 0
  m_Name: RightHandIndex4
  m_TagString: Untagged
  m_Icon: {fileID: 0}
  m_NavMeshLayer: 0
  m_StaticEditorFlags: 0
  m_IsActive: 1
--- !u!4 &4851040163882700649
Transform:
  m_ObjectHideFlags: 0
  m_CorrespondingSourceObject: {fileID: 0}
  m_PrefabInstance: {fileID: 0}
  m_PrefabAsset: {fileID: 0}
  m_GameObject: {fileID: 6691813220626509966}
  m_LocalRotation: {x: 0, y: -0, z: -0, w: 1}
  m_LocalPosition: {x: 0.04498749, y: -0.00000015258789, z: -0.00000007152557}
  m_LocalScale: {x: 1, y: 1, z: 1}
  m_Children: []
  m_Father: {fileID: 9209083780349897486}
  m_RootOrder: 0
  m_LocalEulerAnglesHint: {x: 0, y: 0, z: 0}
--- !u!1 &6706462500837818099
GameObject:
  m_ObjectHideFlags: 0
  m_CorrespondingSourceObject: {fileID: 0}
  m_PrefabInstance: {fileID: 0}
  m_PrefabAsset: {fileID: 0}
  serializedVersion: 6
  m_Component:
  - component: {fileID: 5722736702056736015}
  - component: {fileID: 4613361405240144653}
  m_Layer: 0
  m_Name: BattleAxe_GEO
  m_TagString: Untagged
  m_Icon: {fileID: 0}
  m_NavMeshLayer: 0
  m_StaticEditorFlags: 0
  m_IsActive: 1
--- !u!4 &5722736702056736015
Transform:
  m_ObjectHideFlags: 0
  m_CorrespondingSourceObject: {fileID: 0}
  m_PrefabInstance: {fileID: 0}
  m_PrefabAsset: {fileID: 0}
  m_GameObject: {fileID: 6706462500837818099}
  m_LocalRotation: {x: -0.7071068, y: 0, z: -0, w: 0.7071068}
  m_LocalPosition: {x: 0.0013519287, y: 0, z: 0}
  m_LocalScale: {x: 1, y: 1, z: 1}
  m_Children: []
  m_Father: {fileID: 7758704365118023481}
  m_RootOrder: 0
  m_LocalEulerAnglesHint: {x: 0, y: 0, z: 0}
--- !u!137 &4613361405240144653
SkinnedMeshRenderer:
  m_ObjectHideFlags: 0
  m_CorrespondingSourceObject: {fileID: 0}
  m_PrefabInstance: {fileID: 0}
  m_PrefabAsset: {fileID: 0}
  m_GameObject: {fileID: 6706462500837818099}
  m_Enabled: 1
  m_CastShadows: 1
  m_ReceiveShadows: 1
  m_DynamicOccludee: 1
  m_MotionVectors: 1
  m_LightProbeUsage: 1
  m_ReflectionProbeUsage: 1
  m_RayTracingMode: 0
  m_RenderingLayerMask: 1
  m_RendererPriority: 0
  m_Materials:
  - {fileID: 2100000, guid: 13800a783afc2f749b81a53f85219ff9, type: 2}
  m_StaticBatchInfo:
    firstSubMesh: 0
    subMeshCount: 0
  m_StaticBatchRoot: {fileID: 0}
  m_ProbeAnchor: {fileID: 0}
  m_LightProbeVolumeOverride: {fileID: 0}
  m_ScaleInLightmap: 1
  m_ReceiveGI: 1
  m_PreserveUVs: 0
  m_IgnoreNormalsForChartDetection: 0
  m_ImportantGI: 0
  m_StitchLightmapSeams: 1
  m_SelectedEditorRenderState: 3
  m_MinimumChartSize: 4
  m_AutoUVMaxDistance: 0.5
  m_AutoUVMaxAngle: 89
  m_LightmapParameters: {fileID: 0}
  m_SortingLayerID: 0
  m_SortingLayer: 0
  m_SortingOrder: 0
  serializedVersion: 2
  m_Quality: 0
  m_UpdateWhenOffscreen: 0
  m_SkinnedMotionVectors: 1
  m_Mesh: {fileID: -4735245474628318203, guid: f75c0fcf156c0ab4da71dd9c02ab2051, type: 3}
  m_Bones:
  - {fileID: 759461456338448063}
  m_BlendShapeWeights: []
  m_RootBone: {fileID: 759461456338448063}
  m_AABB:
    m_Center: {x: 0.23488638, y: -0.016486645, z: 0.37910855}
    m_Extent: {x: 0.28974304, y: 0.24741447, z: 0.79521406}
  m_DirtyAABB: 0
--- !u!1 &6889207683324084232
GameObject:
  m_ObjectHideFlags: 0
  m_CorrespondingSourceObject: {fileID: 0}
  m_PrefabInstance: {fileID: 0}
  m_PrefabAsset: {fileID: 0}
  serializedVersion: 6
  m_Component:
  - component: {fileID: 850142506836611586}
  m_Layer: 0
  m_Name: LeftHandRing2
  m_TagString: Untagged
  m_Icon: {fileID: 0}
  m_NavMeshLayer: 0
  m_StaticEditorFlags: 0
  m_IsActive: 1
--- !u!4 &850142506836611586
Transform:
  m_ObjectHideFlags: 0
  m_CorrespondingSourceObject: {fileID: 0}
  m_PrefabInstance: {fileID: 0}
  m_PrefabAsset: {fileID: 0}
  m_GameObject: {fileID: 6889207683324084232}
  m_LocalRotation: {x: -0.0000000298023, y: 0.000000029755128, z: -0.000000044734893,
    w: 1}
  m_LocalPosition: {x: -0.054352034, y: -0.00000015258789, z: 0.000000019073486}
  m_LocalScale: {x: 1, y: 1, z: 1}
  m_Children:
  - {fileID: 3928447064928277589}
  m_Father: {fileID: 8815971093841602338}
  m_RootOrder: 0
  m_LocalEulerAnglesHint: {x: -0.703004, y: 0.5860251, z: 18.88809}
--- !u!1 &6962344964804464525
GameObject:
  m_ObjectHideFlags: 0
  m_CorrespondingSourceObject: {fileID: 0}
  m_PrefabInstance: {fileID: 0}
  m_PrefabAsset: {fileID: 0}
  serializedVersion: 6
  m_Component:
  - component: {fileID: 3306423658990844765}
  m_Layer: 0
  m_Name: RightHandMiddle2
  m_TagString: Untagged
  m_Icon: {fileID: 0}
  m_NavMeshLayer: 0
  m_StaticEditorFlags: 0
  m_IsActive: 1
--- !u!4 &3306423658990844765
Transform:
  m_ObjectHideFlags: 0
  m_CorrespondingSourceObject: {fileID: 0}
  m_PrefabInstance: {fileID: 0}
  m_PrefabAsset: {fileID: 0}
  m_GameObject: {fileID: 6962344964804464525}
  m_LocalRotation: {x: -0.000000014901151, y: -0.0000000149011585, z: 1.5722187e-11,
    w: 1}
  m_LocalPosition: {x: 0.06045517, y: -0.00000015258789, z: -0.000000009536743}
  m_LocalScale: {x: 1, y: 1, z: 1}
  m_Children:
  - {fileID: 3396319701680891291}
  m_Father: {fileID: 1968042964300932131}
  m_RootOrder: 0
  m_LocalEulerAnglesHint: {x: -1.2052068, y: -3.2616181, z: -68.347694}
--- !u!1 &6982730272698645891
GameObject:
  m_ObjectHideFlags: 0
  m_CorrespondingSourceObject: {fileID: 0}
  m_PrefabInstance: {fileID: 0}
  m_PrefabAsset: {fileID: 0}
  serializedVersion: 6
  m_Component:
  - component: {fileID: 7758704365118023481}
  - component: {fileID: 6563106028174945784}
  m_Layer: 0
  m_Name: brute
  m_TagString: Untagged
  m_Icon: {fileID: 0}
  m_NavMeshLayer: 0
  m_StaticEditorFlags: 0
  m_IsActive: 1
--- !u!4 &7758704365118023481
Transform:
  m_ObjectHideFlags: 0
  m_CorrespondingSourceObject: {fileID: 0}
  m_PrefabInstance: {fileID: 0}
  m_PrefabAsset: {fileID: 0}
  m_GameObject: {fileID: 6982730272698645891}
  m_LocalRotation: {x: 0, y: 0, z: 0, w: 1}
  m_LocalPosition: {x: 0, y: -1.2, z: 0}
  m_LocalScale: {x: 1, y: 1, z: 1}
  m_Children:
  - {fileID: 5722736702056736015}
  - {fileID: 7769999284057514032}
  - {fileID: 8603664447448168229}
  - {fileID: 2393777198479815626}
  - {fileID: 6591187960951157583}
  m_Father: {fileID: 2744042625963631327}
  m_RootOrder: 0
  m_LocalEulerAnglesHint: {x: 0, y: 0, z: 0}
--- !u!95 &6563106028174945784
Animator:
  serializedVersion: 3
  m_ObjectHideFlags: 0
  m_CorrespondingSourceObject: {fileID: 0}
  m_PrefabInstance: {fileID: 0}
  m_PrefabAsset: {fileID: 0}
  m_GameObject: {fileID: 6982730272698645891}
  m_Enabled: 1
  m_Avatar: {fileID: 0}
  m_Controller: {fileID: 9100000, guid: 6271eac06eeb26141b9876c8c4d606e7, type: 2}
  m_CullingMode: 0
  m_UpdateMode: 0
  m_ApplyRootMotion: 0
  m_LinearVelocityBlending: 0
  m_WarningMessage: 
  m_HasTransformHierarchy: 1
  m_AllowConstantClipSamplingOptimization: 1
  m_KeepAnimatorControllerStateOnDisable: 0
--- !u!1 &6993750993507548188
GameObject:
  m_ObjectHideFlags: 0
  m_CorrespondingSourceObject: {fileID: 0}
  m_PrefabInstance: {fileID: 0}
  m_PrefabAsset: {fileID: 0}
  serializedVersion: 6
  m_Component:
  - component: {fileID: 6856050918542632851}
  - component: {fileID: 6808097791762682513}
  - component: {fileID: 1827107248130509083}
  m_Layer: 0
  m_Name: Arrow
  m_TagString: Untagged
  m_Icon: {fileID: 0}
  m_NavMeshLayer: 0
  m_StaticEditorFlags: 0
  m_IsActive: 1
--- !u!4 &6856050918542632851
Transform:
  m_ObjectHideFlags: 0
  m_CorrespondingSourceObject: {fileID: 0}
  m_PrefabInstance: {fileID: 0}
  m_PrefabAsset: {fileID: 0}
  m_GameObject: {fileID: 6993750993507548188}
  m_LocalRotation: {x: -0.4650466, y: -0.34869164, z: 0.1626983, w: 0.79729235}
  m_LocalPosition: {x: -0.221, y: 0.132, z: 0.112}
  m_LocalScale: {x: 1, y: 1, z: 1}
  m_Children: []
  m_Father: {fileID: 3396319701680891291}
  m_RootOrder: 1
  m_LocalEulerAnglesHint: {x: -38.910004, y: -65.37, z: 48.607002}
--- !u!33 &6808097791762682513
MeshFilter:
  m_ObjectHideFlags: 0
  m_CorrespondingSourceObject: {fileID: 0}
  m_PrefabInstance: {fileID: 0}
  m_PrefabAsset: {fileID: 0}
  m_GameObject: {fileID: 6993750993507548188}
  m_Mesh: {fileID: -173100611939123233, guid: 8fc69b510dc6dd24f86ec37e9440ec12, type: 3}
--- !u!23 &1827107248130509083
MeshRenderer:
  m_ObjectHideFlags: 0
  m_CorrespondingSourceObject: {fileID: 0}
  m_PrefabInstance: {fileID: 0}
  m_PrefabAsset: {fileID: 0}
  m_GameObject: {fileID: 6993750993507548188}
  m_Enabled: 1
  m_CastShadows: 1
  m_ReceiveShadows: 1
  m_DynamicOccludee: 1
  m_MotionVectors: 1
  m_LightProbeUsage: 1
  m_ReflectionProbeUsage: 1
  m_RayTracingMode: 2
  m_RenderingLayerMask: 1
  m_RendererPriority: 0
  m_Materials:
  - {fileID: 2100000, guid: 0901bd31274b7c24a907731fa5e16f5f, type: 2}
  m_StaticBatchInfo:
    firstSubMesh: 0
    subMeshCount: 0
  m_StaticBatchRoot: {fileID: 0}
  m_ProbeAnchor: {fileID: 0}
  m_LightProbeVolumeOverride: {fileID: 0}
  m_ScaleInLightmap: 1
  m_ReceiveGI: 1
  m_PreserveUVs: 0
  m_IgnoreNormalsForChartDetection: 0
  m_ImportantGI: 0
  m_StitchLightmapSeams: 1
  m_SelectedEditorRenderState: 3
  m_MinimumChartSize: 4
  m_AutoUVMaxDistance: 0.5
  m_AutoUVMaxAngle: 89
  m_LightmapParameters: {fileID: 0}
  m_SortingLayerID: 0
  m_SortingLayer: 0
  m_SortingOrder: 0
--- !u!1 &7052843088547931858
GameObject:
  m_ObjectHideFlags: 0
  m_CorrespondingSourceObject: {fileID: 0}
  m_PrefabInstance: {fileID: 0}
  m_PrefabAsset: {fileID: 0}
  serializedVersion: 6
  m_Component:
  - component: {fileID: 3777136479697587118}
  m_Layer: 0
  m_Name: RightHandThumb3
  m_TagString: Untagged
  m_Icon: {fileID: 0}
  m_NavMeshLayer: 0
  m_StaticEditorFlags: 0
  m_IsActive: 1
--- !u!4 &3777136479697587118
Transform:
  m_ObjectHideFlags: 0
  m_CorrespondingSourceObject: {fileID: 0}
  m_PrefabInstance: {fileID: 0}
  m_PrefabAsset: {fileID: 0}
  m_GameObject: {fileID: 7052843088547931858}
  m_LocalRotation: {x: -0.0000009839933, y: 0.00000062140936, z: 0.0000023028745,
    w: 1}
  m_LocalPosition: {x: 0.048964005, y: -0.028269652, z: 0.02826938}
  m_LocalScale: {x: 1, y: 1, z: 1}
  m_Children:
  - {fileID: 6301419679892348193}
  m_Father: {fileID: 5210514697831422207}
  m_RootOrder: 0
  m_LocalEulerAnglesHint: {x: 18.809889, y: 31.055143, z: 1.8173692}
--- !u!1 &7114046567515327601
GameObject:
  m_ObjectHideFlags: 0
  m_CorrespondingSourceObject: {fileID: 0}
  m_PrefabInstance: {fileID: 0}
  m_PrefabAsset: {fileID: 0}
  serializedVersion: 6
  m_Component:
  - component: {fileID: 2214845318182385993}
  m_Layer: 0
  m_Name: RightToeBase
  m_TagString: Untagged
  m_Icon: {fileID: 0}
  m_NavMeshLayer: 0
  m_StaticEditorFlags: 0
  m_IsActive: 1
--- !u!4 &2214845318182385993
Transform:
  m_ObjectHideFlags: 0
  m_CorrespondingSourceObject: {fileID: 0}
  m_PrefabInstance: {fileID: 0}
  m_PrefabAsset: {fileID: 0}
  m_GameObject: {fileID: 7114046567515327601}
  m_LocalRotation: {x: 0.000000016299055, y: 6.530776e-11, z: 2.1966507e-13, w: 1}
  m_LocalPosition: {x: -0, y: -0.15345739, z: 0.14355758}
  m_LocalScale: {x: 1, y: 1, z: 1}
  m_Children:
  - {fileID: 6117746887323455175}
  m_Father: {fileID: 4769203758596412379}
  m_RootOrder: 0
  m_LocalEulerAnglesHint: {x: -6.0525255, y: -1.8930218, z: -3.4714108}
--- !u!1 &7151180471723381104
GameObject:
  m_ObjectHideFlags: 0
  m_CorrespondingSourceObject: {fileID: 0}
  m_PrefabInstance: {fileID: 0}
  m_PrefabAsset: {fileID: 0}
  serializedVersion: 6
  m_Component:
  - component: {fileID: 8350643781984331339}
  m_Layer: 0
  m_Name: RightHandRing4
  m_TagString: Untagged
  m_Icon: {fileID: 0}
  m_NavMeshLayer: 0
  m_StaticEditorFlags: 0
  m_IsActive: 1
--- !u!4 &8350643781984331339
Transform:
  m_ObjectHideFlags: 0
  m_CorrespondingSourceObject: {fileID: 0}
  m_PrefabInstance: {fileID: 0}
  m_PrefabAsset: {fileID: 0}
  m_GameObject: {fileID: 7151180471723381104}
  m_LocalRotation: {x: 0, y: -0, z: -0, w: 1}
  m_LocalPosition: {x: 0.04001831, y: -0.00000015258789, z: 0.000000047683713}
  m_LocalScale: {x: 1, y: 1, z: 1}
  m_Children: []
  m_Father: {fileID: 1255796591231133140}
  m_RootOrder: 0
  m_LocalEulerAnglesHint: {x: 0, y: 0, z: 0}
--- !u!1 &7291070259314241171
GameObject:
  m_ObjectHideFlags: 0
  m_CorrespondingSourceObject: {fileID: 0}
  m_PrefabInstance: {fileID: 0}
  m_PrefabAsset: {fileID: 0}
  serializedVersion: 6
  m_Component:
  - component: {fileID: 7066815095658853572}
  m_Layer: 0
  m_Name: LeftHandIndex2
  m_TagString: Untagged
  m_Icon: {fileID: 0}
  m_NavMeshLayer: 0
  m_StaticEditorFlags: 0
  m_IsActive: 1
--- !u!4 &7066815095658853572
Transform:
  m_ObjectHideFlags: 0
  m_CorrespondingSourceObject: {fileID: 0}
  m_PrefabInstance: {fileID: 0}
  m_PrefabAsset: {fileID: 0}
  m_GameObject: {fileID: 7291070259314241171}
  m_LocalRotation: {x: -0.00000010430806, y: 0.000000014901155, z: -1.5724404e-11,
    w: 1}
  m_LocalPosition: {x: -0.056315154, y: -0.00000015258789, z: -0.00000006198883}
  m_LocalScale: {x: 1, y: 1, z: 1}
  m_Children:
  - {fileID: 5049836396363618140}
  m_Father: {fileID: 2893071753679804350}
  m_RootOrder: 0
  m_LocalEulerAnglesHint: {x: 0.13126655, y: 0.19965869, z: 4.602527}
--- !u!1 &7441541235923624369
GameObject:
  m_ObjectHideFlags: 0
  m_CorrespondingSourceObject: {fileID: 0}
  m_PrefabInstance: {fileID: 0}
  m_PrefabAsset: {fileID: 0}
  serializedVersion: 6
  m_Component:
  - component: {fileID: 3151430695155940784}
  m_Layer: 0
  m_Name: RightHandPinky1
  m_TagString: Untagged
  m_Icon: {fileID: 0}
  m_NavMeshLayer: 0
  m_StaticEditorFlags: 0
  m_IsActive: 1
--- !u!4 &3151430695155940784
Transform:
  m_ObjectHideFlags: 0
  m_CorrespondingSourceObject: {fileID: 0}
  m_PrefabInstance: {fileID: 0}
  m_PrefabAsset: {fileID: 0}
  m_GameObject: {fileID: 7441541235923624369}
  m_LocalRotation: {x: 0.00000007450576, y: 1.5723067e-11, z: 0.000000014901151, w: 1}
  m_LocalPosition: {x: 0.13956298, y: -0.015784454, z: -0.077345}
  m_LocalScale: {x: 1, y: 1, z: 1}
  m_Children:
  - {fileID: 73992646387769359}
  m_Father: {fileID: 759461456338448063}
  m_RootOrder: 3
  m_LocalEulerAnglesHint: {x: -7.6721625, y: 9.417096, z: -48.539192}
--- !u!1 &7641252148877159815
GameObject:
  m_ObjectHideFlags: 0
  m_CorrespondingSourceObject: {fileID: 0}
  m_PrefabInstance: {fileID: 0}
  m_PrefabAsset: {fileID: 0}
  serializedVersion: 6
  m_Component:
  - component: {fileID: 2090524801088843045}
  m_Layer: 0
  m_Name: LeftHand
  m_TagString: Untagged
  m_Icon: {fileID: 0}
  m_NavMeshLayer: 0
  m_StaticEditorFlags: 0
  m_IsActive: 1
--- !u!4 &2090524801088843045
Transform:
  m_ObjectHideFlags: 0
  m_CorrespondingSourceObject: {fileID: 0}
  m_PrefabInstance: {fileID: 0}
  m_PrefabAsset: {fileID: 0}
  m_GameObject: {fileID: 7641252148877159815}
  m_LocalRotation: {x: 0.0005276011, y: 0.0000017604871, z: -9.288323e-10, w: 0.9999999}
  m_LocalPosition: {x: -0.29141232, y: -0.00000030517577, z: 0.00000057220456}
  m_LocalScale: {x: 1, y: 1, z: 1}
  m_Children:
  - {fileID: 2893071753679804350}
  - {fileID: 937787443803091983}
  - {fileID: 7954597643323962503}
  - {fileID: 8815971093841602338}
  - {fileID: 1008938280533007188}
  m_Father: {fileID: 1438015095700873378}
  m_RootOrder: 0
  m_LocalEulerAnglesHint: {x: 3.4326699, y: 10.263234, z: -21.24524}
--- !u!1 &7671785457245949562
GameObject:
  m_ObjectHideFlags: 0
  m_CorrespondingSourceObject: {fileID: 0}
  m_PrefabInstance: {fileID: 0}
  m_PrefabAsset: {fileID: 0}
  serializedVersion: 6
  m_Component:
  - component: {fileID: 5184946627401110330}
  m_Layer: 0
  m_Name: Neck
  m_TagString: Untagged
  m_Icon: {fileID: 0}
  m_NavMeshLayer: 0
  m_StaticEditorFlags: 0
  m_IsActive: 1
--- !u!4 &5184946627401110330
Transform:
  m_ObjectHideFlags: 0
  m_CorrespondingSourceObject: {fileID: 0}
  m_PrefabInstance: {fileID: 0}
  m_PrefabAsset: {fileID: 0}
  m_GameObject: {fileID: 7671785457245949562}
  m_LocalRotation: {x: -5.2041704e-18, y: 4.2632927e-14, z: 2.273737e-13, w: 1}
  m_LocalPosition: {x: -1.5825207e-11, y: 0.18510956, z: 0.012698154}
  m_LocalScale: {x: 1, y: 1, z: 1}
  m_Children:
  - {fileID: 9134395616854575554}
  m_Father: {fileID: 8820202303830116713}
  m_RootOrder: 1
  m_LocalEulerAnglesHint: {x: 30.250273, y: 0.86024094, z: -4.195547}
--- !u!1 &7725791435268359343
GameObject:
  m_ObjectHideFlags: 0
  m_CorrespondingSourceObject: {fileID: 0}
  m_PrefabInstance: {fileID: 0}
  m_PrefabAsset: {fileID: 0}
  serializedVersion: 6
  m_Component:
  - component: {fileID: 8815971093841602338}
  m_Layer: 0
  m_Name: LeftHandRing1
  m_TagString: Untagged
  m_Icon: {fileID: 0}
  m_NavMeshLayer: 0
  m_StaticEditorFlags: 0
  m_IsActive: 1
--- !u!4 &8815971093841602338
Transform:
  m_ObjectHideFlags: 0
  m_CorrespondingSourceObject: {fileID: 0}
  m_PrefabInstance: {fileID: 0}
  m_PrefabAsset: {fileID: 0}
  m_GameObject: {fileID: 7725791435268359343}
  m_LocalRotation: {x: 0.000000029802303, y: -0.00000002978658, z: 0.000000014932597,
    w: 1}
  m_LocalPosition: {x: -0.16085708, y: 0.00054840086, z: -0.044470586}
  m_LocalScale: {x: 1, y: 1, z: 1}
  m_Children:
  - {fileID: 850142506836611586}
  m_Father: {fileID: 2090524801088843045}
  m_RootOrder: 3
  m_LocalEulerAnglesHint: {x: 2.9944785, y: -7.9351344, z: 13.694465}
--- !u!1 &7904366472366343212
GameObject:
  m_ObjectHideFlags: 0
  m_CorrespondingSourceObject: {fileID: 0}
  m_PrefabInstance: {fileID: 0}
  m_PrefabAsset: {fileID: 0}
  serializedVersion: 6
  m_Component:
  - component: {fileID: 3033550032191761388}
  m_Layer: 0
  m_Name: HeadTop_End
  m_TagString: Untagged
  m_Icon: {fileID: 0}
  m_NavMeshLayer: 0
  m_StaticEditorFlags: 0
  m_IsActive: 1
--- !u!4 &3033550032191761388
Transform:
  m_ObjectHideFlags: 0
  m_CorrespondingSourceObject: {fileID: 0}
  m_PrefabInstance: {fileID: 0}
  m_PrefabAsset: {fileID: 0}
  m_GameObject: {fileID: 7904366472366343212}
  m_LocalRotation: {x: 0, y: -0, z: -0, w: 1}
  m_LocalPosition: {x: -1.8553692e-11, y: 0.22208466, z: 0.06916792}
  m_LocalScale: {x: 1, y: 1, z: 1}
  m_Children: []
  m_Father: {fileID: 9134395616854575554}
  m_RootOrder: 0
  m_LocalEulerAnglesHint: {x: 0, y: 0, z: 0}
--- !u!1 &7966537336321218445
GameObject:
  m_ObjectHideFlags: 0
  m_CorrespondingSourceObject: {fileID: 0}
  m_PrefabInstance: {fileID: 0}
  m_PrefabAsset: {fileID: 0}
  serializedVersion: 6
  m_Component:
  - component: {fileID: 3848925290044573645}
  m_Layer: 0
  m_Name: LeftHandThumb3
  m_TagString: Untagged
  m_Icon: {fileID: 0}
  m_NavMeshLayer: 0
  m_StaticEditorFlags: 0
  m_IsActive: 1
--- !u!4 &3848925290044573645
Transform:
  m_ObjectHideFlags: 0
  m_CorrespondingSourceObject: {fileID: 0}
  m_PrefabInstance: {fileID: 0}
  m_PrefabAsset: {fileID: 0}
  m_GameObject: {fileID: 7966537336321218445}
  m_LocalRotation: {x: -0.0000010137846, y: -0.00000062144244, z: -0.0000023326913,
    w: 1}
  m_LocalPosition: {x: -0.048964005, y: -0.028269347, z: 0.028269386}
  m_LocalScale: {x: 1, y: 1, z: 1}
  m_Children:
  - {fileID: 5756407294221270249}
  m_Father: {fileID: 889751717552602027}
  m_RootOrder: 0
  m_LocalEulerAnglesHint: {x: 5.647311, y: -8.522186, z: -0.017042832}
--- !u!1 &8047804015836163000
GameObject:
  m_ObjectHideFlags: 0
  m_CorrespondingSourceObject: {fileID: 0}
  m_PrefabInstance: {fileID: 0}
  m_PrefabAsset: {fileID: 0}
  serializedVersion: 6
  m_Component:
  - component: {fileID: 1008938280533007188}
  m_Layer: 0
  m_Name: LeftHandThumb1
  m_TagString: Untagged
  m_Icon: {fileID: 0}
  m_NavMeshLayer: 0
  m_StaticEditorFlags: 0
  m_IsActive: 1
--- !u!4 &1008938280533007188
Transform:
  m_ObjectHideFlags: 0
  m_CorrespondingSourceObject: {fileID: 0}
  m_PrefabInstance: {fileID: 0}
  m_PrefabAsset: {fileID: 0}
  m_GameObject: {fileID: 8047804015836163000}
  m_LocalRotation: {x: -0.0002110276, y: 0.00018390856, z: -0.00018164929, w: 0.99999994}
  m_LocalPosition: {x: -0.044698104, y: -0.035334777, z: 0.039412875}
  m_LocalScale: {x: 1, y: 1, z: 1}
  m_Children:
  - {fileID: 889751717552602027}
  m_Father: {fileID: 2090524801088843045}
  m_RootOrder: 4
  m_LocalEulerAnglesHint: {x: 18.175018, y: 10.031287, z: -10.08599}
--- !u!1 &8099989314213578294
GameObject:
  m_ObjectHideFlags: 0
  m_CorrespondingSourceObject: {fileID: 0}
  m_PrefabInstance: {fileID: 0}
  m_PrefabAsset: {fileID: 0}
  serializedVersion: 6
  m_Component:
  - component: {fileID: 2648453201167556878}
  - component: {fileID: 8025640987952633953}
  m_Layer: 0
  m_Name: AudioListener
  m_TagString: Untagged
  m_Icon: {fileID: 0}
  m_NavMeshLayer: 0
  m_StaticEditorFlags: 0
  m_IsActive: 1
--- !u!4 &2648453201167556878
Transform:
  m_ObjectHideFlags: 0
  m_CorrespondingSourceObject: {fileID: 0}
  m_PrefabInstance: {fileID: 0}
  m_PrefabAsset: {fileID: 0}
  m_GameObject: {fileID: 8099989314213578294}
  m_LocalRotation: {x: -0, y: -0, z: -0, w: 1}
  m_LocalPosition: {x: 0, y: 0, z: 0}
  m_LocalScale: {x: 1, y: 1, z: 1}
  m_Children: []
  m_Father: {fileID: 2744042625963631327}
  m_RootOrder: 1
  m_LocalEulerAnglesHint: {x: 0, y: 0, z: 0}
--- !u!81 &8025640987952633953
AudioListener:
  m_ObjectHideFlags: 0
  m_CorrespondingSourceObject: {fileID: 0}
  m_PrefabInstance: {fileID: 0}
  m_PrefabAsset: {fileID: 0}
  m_GameObject: {fileID: 8099989314213578294}
  m_Enabled: 1
--- !u!1 &8119413047051381761
GameObject:
  m_ObjectHideFlags: 0
  m_CorrespondingSourceObject: {fileID: 0}
  m_PrefabInstance: {fileID: 0}
  m_PrefabAsset: {fileID: 0}
  serializedVersion: 6
  m_Component:
  - component: {fileID: 6445499530140655083}
  m_Layer: 0
  m_Name: RightEye
  m_TagString: Untagged
  m_Icon: {fileID: 0}
  m_NavMeshLayer: 0
  m_StaticEditorFlags: 0
  m_IsActive: 1
--- !u!4 &6445499530140655083
Transform:
  m_ObjectHideFlags: 0
  m_CorrespondingSourceObject: {fileID: 0}
  m_PrefabInstance: {fileID: 0}
  m_PrefabAsset: {fileID: 0}
  m_GameObject: {fileID: 8119413047051381761}
  m_LocalRotation: {x: 0, y: -0, z: -0, w: 1}
  m_LocalPosition: {x: 0.03882933, y: 0.09794266, z: 0.1270681}
  m_LocalScale: {x: 1, y: 1, z: 1}
  m_Children: []
  m_Father: {fileID: 9134395616854575554}
  m_RootOrder: 2
  m_LocalEulerAnglesHint: {x: 0, y: 0, z: 0}
--- !u!1 &8142030376663961632
GameObject:
  m_ObjectHideFlags: 0
  m_CorrespondingSourceObject: {fileID: 0}
  m_PrefabInstance: {fileID: 0}
  m_PrefabAsset: {fileID: 0}
  serializedVersion: 6
  m_Component:
  - component: {fileID: 8627684271270848805}
  m_Layer: 0
  m_Name: LeftHandPinky2
  m_TagString: Untagged
  m_Icon: {fileID: 0}
  m_NavMeshLayer: 0
  m_StaticEditorFlags: 0
  m_IsActive: 1
--- !u!4 &8627684271270848805
Transform:
  m_ObjectHideFlags: 0
  m_CorrespondingSourceObject: {fileID: 0}
  m_PrefabInstance: {fileID: 0}
  m_PrefabAsset: {fileID: 0}
  m_GameObject: {fileID: 8142030376663961632}
  m_LocalRotation: {x: 0.000000029802303, y: -0.000000014885427, z: 0.000000014916873,
    w: 1}
  m_LocalPosition: {x: -0.038617097, y: -0.00000015258789, z: -0.000000019073486}
  m_LocalScale: {x: 1, y: 1, z: 1}
  m_Children:
  - {fileID: 8082212153830818962}
  m_Father: {fileID: 7954597643323962503}
  m_RootOrder: 0
  m_LocalEulerAnglesHint: {x: -0.8255068, y: 0.22745356, z: 16.742962}
--- !u!1 &8233575656425978455
GameObject:
  m_ObjectHideFlags: 0
  m_CorrespondingSourceObject: {fileID: 0}
  m_PrefabInstance: {fileID: 0}
  m_PrefabAsset: {fileID: 0}
  serializedVersion: 6
  m_Component:
  - component: {fileID: 1255796591231133140}
  m_Layer: 0
  m_Name: RightHandRing3
  m_TagString: Untagged
  m_Icon: {fileID: 0}
  m_NavMeshLayer: 0
  m_StaticEditorFlags: 0
  m_IsActive: 1
--- !u!4 &1255796591231133140
Transform:
  m_ObjectHideFlags: 0
  m_CorrespondingSourceObject: {fileID: 0}
  m_PrefabInstance: {fileID: 0}
  m_PrefabAsset: {fileID: 0}
  m_GameObject: {fileID: 8233575656425978455}
  m_LocalRotation: {x: 0.0000000596046, y: 0.000000014822531, z: -0.00000007452148,
    w: 1}
  m_LocalPosition: {x: 0.043390807, y: -0.00000015258789, z: 0.000000019073486}
  m_LocalScale: {x: 1, y: 1, z: 1}
  m_Children:
  - {fileID: 8350643781984331339}
  m_Father: {fileID: 486780573478783245}
  m_RootOrder: 0
  m_LocalEulerAnglesHint: {x: -0.84061146, y: -1.8895237, z: -53.637665}
--- !u!1 &8321076457478605494
GameObject:
  m_ObjectHideFlags: 0
  m_CorrespondingSourceObject: {fileID: 0}
  m_PrefabInstance: {fileID: 0}
  m_PrefabAsset: {fileID: 0}
  serializedVersion: 6
  m_Component:
  - component: {fileID: 5756407294221270249}
  m_Layer: 0
  m_Name: LeftHandThumb4
  m_TagString: Untagged
  m_Icon: {fileID: 0}
  m_NavMeshLayer: 0
  m_StaticEditorFlags: 0
  m_IsActive: 1
--- !u!4 &5756407294221270249
Transform:
  m_ObjectHideFlags: 0
  m_CorrespondingSourceObject: {fileID: 0}
  m_PrefabInstance: {fileID: 0}
  m_PrefabAsset: {fileID: 0}
  m_GameObject: {fileID: 8321076457478605494}
  m_LocalRotation: {x: 0, y: -0, z: -0, w: 1}
  m_LocalPosition: {x: -0.038057555, y: -0.021972809, z: 0.021972455}
  m_LocalScale: {x: 1, y: 1, z: 1}
  m_Children: []
  m_Father: {fileID: 3848925290044573645}
  m_RootOrder: 0
  m_LocalEulerAnglesHint: {x: 0, y: 0, z: 0}
--- !u!1 &8363277481577466824
GameObject:
  m_ObjectHideFlags: 0
  m_CorrespondingSourceObject: {fileID: 0}
  m_PrefabInstance: {fileID: 0}
  m_PrefabAsset: {fileID: 0}
  serializedVersion: 6
  m_Component:
  - component: {fileID: 2893071753679804350}
  m_Layer: 0
  m_Name: LeftHandIndex1
  m_TagString: Untagged
  m_Icon: {fileID: 0}
  m_NavMeshLayer: 0
  m_StaticEditorFlags: 0
  m_IsActive: 1
--- !u!4 &2893071753679804350
Transform:
  m_ObjectHideFlags: 0
  m_CorrespondingSourceObject: {fileID: 0}
  m_PrefabInstance: {fileID: 0}
  m_PrefabAsset: {fileID: 0}
  m_GameObject: {fileID: 8363277481577466824}
  m_LocalRotation: {x: 0.00000007450576, y: -1.5723069e-11, z: -0.000000014901152,
    w: 1}
  m_LocalPosition: {x: -0.15985274, y: -0.015426025, z: 0.044485953}
  m_LocalScale: {x: 1, y: 1, z: 1}
  m_Children:
  - {fileID: 7066815095658853572}
  m_Father: {fileID: 2090524801088843045}
  m_RootOrder: 0
  m_LocalEulerAnglesHint: {x: -1.2225349, y: 5.777358, z: 0.062089}
--- !u!1 &8394285237232431979
GameObject:
  m_ObjectHideFlags: 0
  m_CorrespondingSourceObject: {fileID: 0}
  m_PrefabInstance: {fileID: 0}
  m_PrefabAsset: {fileID: 0}
  serializedVersion: 6
  m_Component:
  - component: {fileID: 6978369377311484861}
  m_Layer: 0
  m_Name: LeftLeg
  m_TagString: Untagged
  m_Icon: {fileID: 0}
  m_NavMeshLayer: 0
  m_StaticEditorFlags: 0
  m_IsActive: 1
--- !u!4 &6978369377311484861
Transform:
  m_ObjectHideFlags: 0
  m_CorrespondingSourceObject: {fileID: 0}
  m_PrefabInstance: {fileID: 0}
  m_PrefabAsset: {fileID: 0}
  m_GameObject: {fileID: 8394285237232431979}
  m_LocalRotation: {x: 0.00032937492, y: -0.00000003928647, z: 7.563752e-10, w: 0.99999994}
  m_LocalPosition: {x: -0.00007335663, y: -0.48574042, z: 0.004612853}
  m_LocalScale: {x: 1, y: 1, z: 1}
  m_Children:
  - {fileID: 2474570312366355929}
  m_Father: {fileID: 6854831132839661447}
  m_RootOrder: 0
  m_LocalEulerAnglesHint: {x: 47.141083, y: -15.298943, z: -15.589322}
--- !u!1 &8549485315284313601
GameObject:
  m_ObjectHideFlags: 0
  m_CorrespondingSourceObject: {fileID: 0}
  m_PrefabInstance: {fileID: 0}
  m_PrefabAsset: {fileID: 0}
  serializedVersion: 6
  m_Component:
  - component: {fileID: 6854831132839661447}
  m_Layer: 0
  m_Name: LeftUpLeg
  m_TagString: Untagged
  m_Icon: {fileID: 0}
  m_NavMeshLayer: 0
  m_StaticEditorFlags: 0
  m_IsActive: 1
--- !u!4 &6854831132839661447
Transform:
  m_ObjectHideFlags: 0
  m_CorrespondingSourceObject: {fileID: 0}
  m_PrefabInstance: {fileID: 0}
  m_PrefabAsset: {fileID: 0}
  m_GameObject: {fileID: 8549485315284313601}
  m_LocalRotation: {x: -0.00016881508, y: 0.0000000140751855, z: 0.0000785867, w: 1}
  m_LocalPosition: {x: -0.11727675, y: -0.09203018, z: 0.003560953}
  m_LocalScale: {x: 1, y: 1, z: 1}
  m_Children:
  - {fileID: 6978369377311484861}
  m_Father: {fileID: 7769999284057514032}
  m_RootOrder: 0
  m_LocalEulerAnglesHint: {x: -41.762295, y: -6.5341287, z: -18.33187}
--- !u!1 &8859044138699669138
GameObject:
  m_ObjectHideFlags: 0
  m_CorrespondingSourceObject: {fileID: 0}
  m_PrefabInstance: {fileID: 0}
  m_PrefabAsset: {fileID: 0}
  serializedVersion: 6
  m_Component:
  - component: {fileID: 2474570312366355929}
  m_Layer: 0
  m_Name: LeftFoot
  m_TagString: Untagged
  m_Icon: {fileID: 0}
  m_NavMeshLayer: 0
  m_StaticEditorFlags: 0
  m_IsActive: 1
--- !u!4 &2474570312366355929
Transform:
  m_ObjectHideFlags: 0
  m_CorrespondingSourceObject: {fileID: 0}
  m_PrefabInstance: {fileID: 0}
  m_PrefabAsset: {fileID: 0}
  m_GameObject: {fileID: 8859044138699669138}
  m_LocalRotation: {x: -0.00016056752, y: 0.000000015919143, z: -0.00007864127, w: 1}
  m_LocalPosition: {x: -0.00007996559, y: -0.48740393, z: -0.035806324}
  m_LocalScale: {x: 1, y: 1, z: 1}
  m_Children:
  - {fileID: 7955156968861513705}
  m_Father: {fileID: 6978369377311484861}
  m_RootOrder: 0
  m_LocalEulerAnglesHint: {x: -0.3345431, y: -2.3224125, z: 19.25796}
--- !u!1 &9093632377307865272
GameObject:
  m_ObjectHideFlags: 0
  m_CorrespondingSourceObject: {fileID: 0}
  m_PrefabInstance: {fileID: 0}
  m_PrefabAsset: {fileID: 0}
  serializedVersion: 6
  m_Component:
  - component: {fileID: 5774379831698708940}
  m_Layer: 0
  m_Name: LeftShoulder
  m_TagString: Untagged
  m_Icon: {fileID: 0}
  m_NavMeshLayer: 0
  m_StaticEditorFlags: 0
  m_IsActive: 1
--- !u!4 &5774379831698708940
Transform:
  m_ObjectHideFlags: 0
  m_CorrespondingSourceObject: {fileID: 0}
  m_PrefabInstance: {fileID: 0}
  m_PrefabAsset: {fileID: 0}
  m_GameObject: {fileID: 9093632377307865272}
  m_LocalRotation: {x: -0.000000044703484, y: 4.2632557e-14, z: -0.000000044703256,
    w: 1}
  m_LocalPosition: {x: -0.07279798, y: 0.108769685, z: 0.0065068435}
  m_LocalScale: {x: 1, y: 1, z: 1}
  m_Children:
  - {fileID: 3117491294430115572}
  m_Father: {fileID: 8820202303830116713}
  m_RootOrder: 0
  m_LocalEulerAnglesHint: {x: -2.426237, y: -3.6440277, z: -9.070882}
--- !u!1 &9129225526562576591
GameObject:
  m_ObjectHideFlags: 0
  m_CorrespondingSourceObject: {fileID: 0}
  m_PrefabInstance: {fileID: 0}
  m_PrefabAsset: {fileID: 0}
  serializedVersion: 6
  m_Component:
  - component: {fileID: 759461456338448063}
  m_Layer: 0
  m_Name: RightHand
  m_TagString: Untagged
  m_Icon: {fileID: 0}
  m_NavMeshLayer: 0
  m_StaticEditorFlags: 0
  m_IsActive: 1
--- !u!4 &759461456338448063
Transform:
  m_ObjectHideFlags: 0
  m_CorrespondingSourceObject: {fileID: 0}
  m_PrefabInstance: {fileID: 0}
  m_PrefabAsset: {fileID: 0}
  m_GameObject: {fileID: 9129225526562576591}
  m_LocalRotation: {x: 0.0005276011, y: -0.0000017604871, z: 9.288323e-10, w: 0.9999999}
  m_LocalPosition: {x: 0.29141226, y: -0.00000030517577, z: 0.00000057220456}
  m_LocalScale: {x: 1, y: 1, z: 1}
  m_Children:
  - {fileID: 6572861348341905115}
  - {fileID: 6408198559916705076}
  - {fileID: 1968042964300932131}
  - {fileID: 3151430695155940784}
  - {fileID: 6866256842952307726}
  - {fileID: 8663167407923853456}
  m_Father: {fileID: 6114742094435757897}
  m_RootOrder: 0
  m_LocalEulerAnglesHint: {x: 3.3580194, y: 20.860899, z: 20.328747}
--- !u!1 &9199730097069601618
GameObject:
  m_ObjectHideFlags: 0
  m_CorrespondingSourceObject: {fileID: 0}
  m_PrefabInstance: {fileID: 0}
  m_PrefabAsset: {fileID: 0}
  serializedVersion: 6
  m_Component:
  - component: {fileID: 7398075173895058082}
  m_Layer: 0
  m_Name: LeftHandMiddle2
  m_TagString: Untagged
  m_Icon: {fileID: 0}
  m_NavMeshLayer: 0
  m_StaticEditorFlags: 0
  m_IsActive: 1
--- !u!4 &7398075173895058082
Transform:
  m_ObjectHideFlags: 0
  m_CorrespondingSourceObject: {fileID: 0}
  m_PrefabInstance: {fileID: 0}
  m_PrefabAsset: {fileID: 0}
  m_GameObject: {fileID: 9199730097069601618}
  m_LocalRotation: {x: -0.000000014901151, y: 0.0000000149011585, z: -1.5722187e-11,
    w: 1}
  m_LocalPosition: {x: -0.06045517, y: -0.00000015258789, z: -0.000000009536743}
  m_LocalScale: {x: 1, y: 1, z: 1}
  m_Children:
  - {fileID: 5252421406539907023}
  m_Father: {fileID: 937787443803091983}
  m_RootOrder: 0
  m_LocalEulerAnglesHint: {x: 0.45987317, y: 1.0144761, z: 12.994105}
--- !u!1 &9212011654565650107
GameObject:
  m_ObjectHideFlags: 0
  m_CorrespondingSourceObject: {fileID: 0}
  m_PrefabInstance: {fileID: 0}
  m_PrefabAsset: {fileID: 0}
  serializedVersion: 6
  m_Component:
  - component: {fileID: 8603664447448168229}
  - component: {fileID: 8443168740099858997}
  m_Layer: 0
  m_Name: MaleBruteA_Body
  m_TagString: Untagged
  m_Icon: {fileID: 0}
  m_NavMeshLayer: 0
  m_StaticEditorFlags: 0
  m_IsActive: 1
--- !u!4 &8603664447448168229
Transform:
  m_ObjectHideFlags: 0
  m_CorrespondingSourceObject: {fileID: 0}
  m_PrefabInstance: {fileID: 0}
  m_PrefabAsset: {fileID: 0}
  m_GameObject: {fileID: 9212011654565650107}
  m_LocalRotation: {x: -0.7071068, y: 0, z: -0, w: 0.7071068}
  m_LocalPosition: {x: 0.0013519287, y: 0, z: 0}
  m_LocalScale: {x: 1, y: 1, z: 1}
  m_Children: []
  m_Father: {fileID: 7758704365118023481}
  m_RootOrder: 2
  m_LocalEulerAnglesHint: {x: 0, y: 0, z: 0}
--- !u!137 &8443168740099858997
SkinnedMeshRenderer:
  m_ObjectHideFlags: 0
  m_CorrespondingSourceObject: {fileID: 0}
  m_PrefabInstance: {fileID: 0}
  m_PrefabAsset: {fileID: 0}
  m_GameObject: {fileID: 9212011654565650107}
  m_Enabled: 1
  m_CastShadows: 1
  m_ReceiveShadows: 1
  m_DynamicOccludee: 1
  m_MotionVectors: 1
  m_LightProbeUsage: 1
  m_ReflectionProbeUsage: 1
  m_RayTracingMode: 0
  m_RenderingLayerMask: 1
  m_RendererPriority: 0
  m_Materials:
  - {fileID: 2100000, guid: 13800a783afc2f749b81a53f85219ff9, type: 2}
  m_StaticBatchInfo:
    firstSubMesh: 0
    subMeshCount: 0
  m_StaticBatchRoot: {fileID: 0}
  m_ProbeAnchor: {fileID: 0}
  m_LightProbeVolumeOverride: {fileID: 0}
  m_ScaleInLightmap: 1
  m_ReceiveGI: 1
  m_PreserveUVs: 0
  m_IgnoreNormalsForChartDetection: 0
  m_ImportantGI: 0
  m_StitchLightmapSeams: 1
  m_SelectedEditorRenderState: 3
  m_MinimumChartSize: 4
  m_AutoUVMaxDistance: 0.5
  m_AutoUVMaxAngle: 89
  m_LightmapParameters: {fileID: 0}
  m_SortingLayerID: 0
  m_SortingLayer: 0
  m_SortingOrder: 0
  serializedVersion: 2
  m_Quality: 0
  m_UpdateWhenOffscreen: 0
  m_SkinnedMotionVectors: 1
  m_Mesh: {fileID: -816871452063347078, guid: f75c0fcf156c0ab4da71dd9c02ab2051, type: 3}
  m_Bones:
  - {fileID: 8820202303830116713}
  - {fileID: 5184946627401110330}
  - {fileID: 9134395616854575554}
  - {fileID: 4254958985905680830}
  - {fileID: 7003604590441529373}
  - {fileID: 6114742094435757897}
  - {fileID: 759461456338448063}
  - {fileID: 8663167407923853456}
  - {fileID: 1968042964300932131}
  - {fileID: 6866256842952307726}
  - {fileID: 6408198559916705076}
  - {fileID: 5210514697831422207}
  - {fileID: 6301419679892348193}
  - {fileID: 3777136479697587118}
  - {fileID: 3151430695155940784}
  - {fileID: 73992646387769359}
  - {fileID: 8780980138413670944}
  - {fileID: 486780573478783245}
  - {fileID: 1255796591231133140}
  - {fileID: 3306423658990844765}
  - {fileID: 3396319701680891291}
  - {fileID: 5359980878430867808}
  - {fileID: 9209083780349897486}
  - {fileID: 4851040163882700649}
  - {fileID: 7053984408433582940}
  - {fileID: 5072347577590299955}
  - {fileID: 8350643781984331339}
  - {fileID: 7769999284057514032}
  - {fileID: 1593313610721903491}
  - {fileID: 5164603658571642259}
  - {fileID: 6854831132839661447}
  - {fileID: 7837973310040092455}
  - {fileID: 6445499530140655083}
  - {fileID: 5774379831698708940}
  - {fileID: 6058989364147060967}
  - {fileID: 3117491294430115572}
  - {fileID: 1438015095700873378}
  - {fileID: 2090524801088843045}
  - {fileID: 937787443803091983}
  - {fileID: 1008938280533007188}
  - {fileID: 8815971093841602338}
  - {fileID: 2893071753679804350}
  - {fileID: 889751717552602027}
  - {fileID: 5756407294221270249}
  - {fileID: 3848925290044573645}
  - {fileID: 7954597643323962503}
  - {fileID: 8627684271270848805}
  - {fileID: 8082212153830818962}
  - {fileID: 850142506836611586}
  - {fileID: 3928447064928277589}
  - {fileID: 7398075173895058082}
  - {fileID: 5252421406539907023}
  - {fileID: 7066815095658853572}
  - {fileID: 5049836396363618140}
  - {fileID: 1422332269305442101}
  - {fileID: 4028645639183793149}
  - {fileID: 4666568615573419735}
  - {fileID: 7795539733867013974}
  m_BlendShapeWeights: []
  m_RootBone: {fileID: 7769999284057514032}
  m_AABB:
    m_Center: {x: -0.000090777874, y: 0.49005577, z: -0.04486908}
    m_Extent: {x: 1.2020948, y: 0.45112398, z: 0.20960777}
  m_DirtyAABB: 0
--- !u!1 &9213926305270836324
GameObject:
  m_ObjectHideFlags: 0
  m_CorrespondingSourceObject: {fileID: 0}
  m_PrefabInstance: {fileID: 0}
  m_PrefabAsset: {fileID: 0}
  serializedVersion: 6
  m_Component:
  - component: {fileID: 4666568615573419735}
  m_Layer: 0
  m_Name: LeftHandMiddle4
  m_TagString: Untagged
  m_Icon: {fileID: 0}
  m_NavMeshLayer: 0
  m_StaticEditorFlags: 0
  m_IsActive: 1
--- !u!4 &4666568615573419735
Transform:
  m_ObjectHideFlags: 0
  m_CorrespondingSourceObject: {fileID: 0}
  m_PrefabInstance: {fileID: 0}
  m_PrefabAsset: {fileID: 0}
  m_GameObject: {fileID: 9213926305270836324}
  m_LocalRotation: {x: 0, y: -0, z: -0, w: 1}
  m_LocalPosition: {x: -0.04945297, y: 0, z: 0.000000057220458}
  m_LocalScale: {x: 1, y: 1, z: 1}
  m_Children: []
  m_Father: {fileID: 5252421406539907023}
  m_RootOrder: 0
  m_LocalEulerAnglesHint: {x: 0, y: 0, z: 0}
