%YAML 1.1
%TAG !u! tag:unity3d.com,2011:
--- !u!1 &3435211460506080715
GameObject:
  m_ObjectHideFlags: 0
  m_CorrespondingSourceObject: {fileID: 0}
  m_PrefabInstance: {fileID: 0}
  m_PrefabAsset: {fileID: 0}
  serializedVersion: 6
  m_Component:
  - component: {fileID: 485381502720513187}
  - component: {fileID: 3660637611368625344}
  - component: {fileID: 1549838084893264453}
  - component: {fileID: 7609862930896612123}
  m_Layer: 0
  m_Name: Rock_Mesh
  m_TagString: Untagged
  m_Icon: {fileID: 0}
  m_NavMeshLayer: 0
  m_StaticEditorFlags: 0
  m_IsActive: 1
--- !u!4 &485381502720513187
Transform:
  m_ObjectHideFlags: 0
  m_CorrespondingSourceObject: {fileID: 0}
  m_PrefabInstance: {fileID: 0}
  m_PrefabAsset: {fileID: 0}
  m_GameObject: {fileID: 3435211460506080715}
  m_LocalRotation: {x: -0, y: -0, z: -0, w: 1}
  m_LocalPosition: {x: 0, y: -0.524, z: 0}
  m_LocalScale: {x: 1.5, y: 1.5, z: 1.5}
  m_Children: []
  m_Father: {fileID: 37127961251318689}
  m_RootOrder: 0
  m_LocalEulerAnglesHint: {x: 0, y: 0, z: 0}
--- !u!33 &3660637611368625344
MeshFilter:
  m_ObjectHideFlags: 0
  m_CorrespondingSourceObject: {fileID: 0}
  m_PrefabInstance: {fileID: 0}
  m_PrefabAsset: {fileID: 0}
  m_GameObject: {fileID: 3435211460506080715}
  m_Mesh: {fileID: -1633821710574564935, guid: 4f9d77f232c7ddf4395f6d992df0cd3a, type: 3}
--- !u!23 &1549838084893264453
MeshRenderer:
  m_ObjectHideFlags: 0
  m_CorrespondingSourceObject: {fileID: 0}
  m_PrefabInstance: {fileID: 0}
  m_PrefabAsset: {fileID: 0}
  m_GameObject: {fileID: 3435211460506080715}
  m_Enabled: 1
  m_CastShadows: 1
  m_ReceiveShadows: 1
  m_DynamicOccludee: 1
  m_MotionVectors: 1
  m_LightProbeUsage: 1
  m_ReflectionProbeUsage: 1
  m_RayTracingMode: 2
  m_RenderingLayerMask: 1
  m_RendererPriority: 0
  m_Materials:
  - {fileID: 2100000, guid: 82e1cc75762845347b97ed79d96636a3, type: 2}
  m_StaticBatchInfo:
    firstSubMesh: 0
    subMeshCount: 0
  m_StaticBatchRoot: {fileID: 0}
  m_ProbeAnchor: {fileID: 0}
  m_LightProbeVolumeOverride: {fileID: 0}
  m_ScaleInLightmap: 1
  m_ReceiveGI: 1
  m_PreserveUVs: 0
  m_IgnoreNormalsForChartDetection: 0
  m_ImportantGI: 0
  m_StitchLightmapSeams: 1
  m_SelectedEditorRenderState: 3
  m_MinimumChartSize: 4
  m_AutoUVMaxDistance: 0.5
  m_AutoUVMaxAngle: 89
  m_LightmapParameters: {fileID: 0}
  m_SortingLayerID: 0
  m_SortingLayer: 0
  m_SortingOrder: 0
--- !u!95 &7609862930896612123
Animator:
  serializedVersion: 3
  m_ObjectHideFlags: 0
  m_CorrespondingSourceObject: {fileID: 0}
  m_PrefabInstance: {fileID: 0}
  m_PrefabAsset: {fileID: 0}
  m_GameObject: {fileID: 3435211460506080715}
  m_Enabled: 1
  m_Avatar: {fileID: 0}
  m_Controller: {fileID: 9100000, guid: a0ca0d85235c9d34b86e192ed70912ae, type: 2}
  m_CullingMode: 0
  m_UpdateMode: 0
  m_ApplyRootMotion: 0
  m_LinearVelocityBlending: 0
  m_WarningMessage: 
  m_HasTransformHierarchy: 1
  m_AllowConstantClipSamplingOptimization: 1
  m_KeepAnimatorControllerStateOnDisable: 0
--- !u!1 &7464821728877836010
GameObject:
  m_ObjectHideFlags: 0
  m_CorrespondingSourceObject: {fileID: 0}
  m_PrefabInstance: {fileID: 0}
  m_PrefabAsset: {fileID: 0}
  serializedVersion: 6
  m_Component:
  - component: {fileID: 37127961251318689}
  - component: {fileID: 8491233260645082755}
  - component: {fileID: 3391608916825496779}
  - component: {fileID: 451948672052458768}
  m_Layer: 17
  m_Name: Rock_Falling1
  m_TagString: Untagged
  m_Icon: {fileID: 0}
  m_NavMeshLayer: 0
  m_StaticEditorFlags: 0
  m_IsActive: 1
--- !u!4 &37127961251318689
Transform:
  m_ObjectHideFlags: 0
  m_CorrespondingSourceObject: {fileID: 0}
  m_PrefabInstance: {fileID: 0}
  m_PrefabAsset: {fileID: 0}
  m_GameObject: {fileID: 7464821728877836010}
  m_LocalRotation: {x: 0, y: 0, z: 0, w: 1}
  m_LocalPosition: {x: 0, y: 0, z: 0}
  m_LocalScale: {x: 1, y: 1, z: 1}
  m_Children:
  - {fileID: 485381502720513187}
  m_Father: {fileID: 0}
  m_RootOrder: 0
  m_LocalEulerAnglesHint: {x: 0, y: 0, z: 0}
--- !u!114 &8491233260645082755
MonoBehaviour:
  m_ObjectHideFlags: 0
  m_CorrespondingSourceObject: {fileID: 0}
  m_PrefabInstance: {fileID: 0}
  m_PrefabAsset: {fileID: 0}
  m_GameObject: {fileID: 7464821728877836010}
  m_Enabled: 1
  m_EditorHideFlags: 0
  m_Script: {fileID: 11500000, guid: 8a4e3fc7d4dabae47bdc8887755c762c, type: 3}
  m_Name: 
  m_EditorClassIdentifier: 
  speedForward: 15
  speedUpward: 0
  lifeTime: 10
  damage: 10
  mesh: {fileID: 485381502720513187}
  destroyOnImpact: 1
  destoryDelay: 0
  vfx: {fileID: 9087963793263538358, guid: 55bb66c730e18bf4db7fda9115adddc1, type: 3}
  sfx: {fileID: 575611297697007864, guid: 1537857bf7b9a84449e8d8c96f734b9e, type: 3}
  blood:
  - {fileID: 2656253210798625995, guid: a78e9ef18b366424b84e0c7410d2fe72, type: 3}
  - {fileID: 5865290276592450837, guid: 42a28376f729c864a81abf66add7a418, type: 3}
  - {fileID: 764304066602274965, guid: 4a322f29a9e1fa54f90223de8bcf3a28, type: 3}
  - {fileID: 7935733108997359171, guid: e822d59151d3597428b0b63bf25355e7, type: 3}
  - {fileID: 4288107571095694937, guid: c3f8938673a07704e93ac52eee18f410, type: 3}
  - {fileID: 1165703760847671896, guid: bb596cd440832554089a7125852e836f, type: 3}
  - {fileID: 4152240900433254336, guid: 6d3629f845b40e24fb51d381e84bbc77, type: 3}
  - {fileID: 6463355840203370170, guid: 70ead61ff20b23b4e97b90d8e8997ecd, type: 3}
  - {fileID: 5170585893340993107, guid: 7b88f11816abaa34c9e02cbaa8485321, type: 3}
  - {fileID: 2629016494315086251, guid: 5776aed3bb070e54cb09a11c8a6a5831, type: 3}
  - {fileID: 3034872428933141512, guid: 52d94bfe44b09ff4b9e9788e9a86a778, type: 3}
  - {fileID: 2360933683143488451, guid: 730678b8a5330c449ada55bde83402ce, type: 3}
  - {fileID: 5016170632959171363, guid: c3ed06559a66b724b91c3124e75ddec9, type: 3}
  - {fileID: 8859926575668995837, guid: 097a30048e9007141899f834041a5ac7, type: 3}
  - {fileID: 5936082179827903908, guid: cb58ece77d11ef945aecd072f2e46a8d, type: 3}
  - {fileID: 5494213943435191861, guid: db51fe09adf27d640b4e10018c2d76ba, type: 3}
  - {fileID: 5371219466416337994, guid: f9e099178c81bee439a79eecec91dacb, type: 3}
  bloodAttached: {fileID: 3136605153214515430, guid: 45eef0a861a8a8946b4c23fb9f4f779a,
    type: 3}
  stoppingDistance: 0.1
--- !u!135 &3391608916825496779
SphereCollider:
  m_ObjectHideFlags: 0
  m_CorrespondingSourceObject: {fileID: 0}
  m_PrefabInstance: {fileID: 0}
  m_PrefabAsset: {fileID: 0}
  m_GameObject: {fileID: 7464821728877836010}
  m_Material: {fileID: 0}
  m_IsTrigger: 1
  m_Enabled: 1
  serializedVersion: 2
  m_Radius: 0.5
  m_Center: {x: 0, y: 0, z: 0}
--- !u!54 &451948672052458768
Rigidbody:
  m_ObjectHideFlags: 0
  m_CorrespondingSourceObject: {fileID: 0}
  m_PrefabInstance: {fileID: 0}
  m_PrefabAsset: {fileID: 0}
  m_GameObject: {fileID: 7464821728877836010}
  serializedVersion: 2
  m_Mass: 1
  m_Drag: 0
  m_AngularDrag: 0.05
  m_UseGravity: 0
  m_IsKinematic: 1
  m_Interpolate: 0
  m_Constraints: 126
  m_CollisionDetection: 0
